3472 5242
295 365 352 407 102
719 349 794 408 Doc.
812 359 868 423 94.
894 380 933 389 -
958 347 1017 412 An.
1041 358 1124 422 1511.

205 556 211 568 ⁸
286 574 455 637 Grecensis
471 575 594 637 nullam
607 576 830 637 executionem
847 594 951 656 neque
964 576 1107 656 aliquam
1120 576 1361 636 attestacionem
1373 575 1550 638 secundum

287 681 369 743 dicta
403 681 553 743 mandata
583 694 686 743 vestre
711 681 885 743 Maiestatis
916 681 949 743 in
981 682 1251 764 comprobatione
1275 694 1306 742 et
1330 680 1550 744 verificacione

284 800 428 848 actorum
452 787 594 868 ipsorum
615 787 689 848 licet
710 787 843 848 amoniti
864 784 966 849 facere
986 787 1172 866 voluissent,
1190 787 1364 869 allegantes
1380 807 1412 849 se
1434 787 1550 849 habere

286 892 353 972 jura
379 912 413 980 ac
438 892 557 954 litteras
581 907 612 955 et
632 893 779 955 litteralia
800 893 1008 955 instrumenta
1026 914 1043 954 a
1066 893 1148 955 divis
1168 894 1296 975 regibus
1317 893 1438 955 eisdem
1458 912 1552 975 super

286 999 486 1061 libertatibus
525 998 585 1060 fori
624 1012 655 1060 et
693 999 764 1060 aliis
801 998 890 1060 datas
925 1012 955 1060 et
990 1018 1149 1078 concessa,
1181 1019 1260 1080 quas
1292 999 1351 1080 ipsi
1384 998 1551 1060 ostendere

288 1104 423 1183 nollent,
448 1118 478 1166 et
510 1124 615 1186 neque
644 1104 785 1185 aliquam
819 1105 1009 1167 revisionem
1042 1117 1096 1166 aut
1129 1105 1387 1187 recognicionem
1412 1105 1443 1165 in
1469 1104 1551 1166 lacto

287 1209 362 1272 dicti
387 1209 448 1272 lori
472 1223 503 1272 et
526 1210 663 1272 aliorum
692 1211 902 1292 negociorum
927 1211 959 1272 in
983 1211 1165 1292 preinsertis
1188 1211 1301 1272 litteris
1325 1223 1426 1272 vestre
1453 1211 1552 1271 Maie-

286 1317 375 1378 statis
414 1336 472 1398 per
511 1335 694 1398 expressum
733 1316 901 1378 declaratis
938 1315 1041 1378 lacere
1077 1317 1214 1392 vellent;
1249 1316 1409 1399 prelatum
1444 1329 1550 1377 autem

287 1423 463 1505 capitulum
487 1422 572 1502 juxta
597 1423 769 1505 prescripta
794 1423 943 1484 mandata
967 1437 1068 1484 vestre
1094 1423 1267 1485 Maiestatis
1287 1423 1413 1485 nobiles
1429 1423 1552 1484 vicinos

288 1542 318 1590 et
353 1542 593 1590 commetaneos
623 1549 659 1590 ac
696 1530 984 1611 comprovinciales
1022 1529 1097 1591 dicti
1134 1530 1302 1591 comitatus
1337 1529 1551 1610 zagrabiensis

288 1636 320 1696 in
344 1634 427 1696 dicta
452 1634 529 1696 feria
554 1648 665 1716 quarta
690 1647 722 1696 et
745 1635 810 1697 alio
833 1634 885 1696 die
912 1634 1097 1697 immediate
1121 1636 1278 1716 sequenti,
1301 1635 1356 1716 qui
1377 1634 1416 1696 ad
1434 1634 1552 1695 dictam

287 1742 575 1822 congregacionem
614 1741 797 1822 generalem
833 1741 993 1802 venissent
1028 1760 1063 1801 ac
1099 1760 1181 1822 quos
1215 1741 1247 1802 in
1283 1739 1552 1831 comprobacione

287 1848 440 1929 premisse
464 1847 604 1908 accionis
628 1847 658 1908 in
685 1846 768 1909 iacto
793 1846 868 1908 dicti
893 1845 953 1908 lori
979 1860 1009 1907 et
1034 1846 1172 1908 aliorum
1197 1847 1404 1928 negociorum
1426 1845 1465 1906 ad
1483 1864 1552 1926 per·

288 1951 466 2014 hibendum
489 1952 709 2014 testimonium
736 1953 857 2014 veritati
883 1951 1088 2013 adduxissent
1106 1967 1136 2013 et
1152 1966 1381 2014 convocassent
1393 1972 1428 2014 ac
1445 1970 1552 2012 coram

289 2058 382 2119 nobis
415 2057 607 2136 statuissent,
631 2079 648 2119 a
673 2058 924 2140 quibusquidem
950 2058 1115 2120 nobilibus
1137 2059 1249 2119 vicinis
1272 2072 1303 2119 et
1326 2057 1554 2119 commetaneis

290 2183 325 2224 ac
350 2164 678 2246 comprovincialibus
700 2165 796 2226 talem
820 2163 859 2225 de
880 2165 1043 2247 premissis
1060 2165 1246 2226 rescivimus
1262 2178 1293 2226 et
1309 2163 1428 2245 experti
1444 2182 1555 2224 sumus

289 2269 486 2331 certitudinis
505 2271 689 2331 veritatem:
712 2270 810 2343 Quod
831 2271 935 2352 primo
956 2273 995 2331 ab
1013 2271 1133 2332 eisdem
1151 2271 1262 2332 vicinis
1279 2283 1309 2331 et
1324 2269 1554 2331 commetaneis

290 2374 518 2456 nobilibusque
536 2376 862 2457 comprovincialibus
879 2376 953 2438 dicti
971 2378 1141 2439 comitatus
1157 2376 1371 2458 zagrabiensis
1387 2373 1554 2457 prehabito

290 2481 487 2543 strictissimo
511 2481 690 2562 juramento
714 2481 754 2543 ad
779 2482 875 2544 fidem
904 2502 1017 2544 eorum
1041 2482 1103 2545 deo
1127 2482 1279 2551 debitam,
1302 2480 1554 2560 fidelitatemque

291 2599 393 2647 vestre
417 2587 572 2648 Maiestati
598 2601 629 2649 et
652 2608 738 2650 sacre
762 2607 880 2650 corone
904 2588 1048 2650 eiusdem
1071 2587 1314 2666 observandam,
1338 2587 1472 2648 modum
1496 2586 1554 2646 sci·

290 2693 363 2753 licet
387 2706 418 2754 et
441 2692 577 2755 formam
602 2695 634 2754 in
659 2695 919 2756 attestacionibus
948 2693 1086 2757 fiendam
1111 2708 1142 2756 et
1166 2693 1344 2755 faciendam
1369 2713 1424 2775 per
1445 2692 1554 2753 omnia

292 2799 536 2878 observandam,
560 2800 657 2861 iidem
679 2801 774 2862 vicini
796 2814 826 2862 et
849 2802 1060 2863 commetanei
1078 2822 1113 2862 ac
1130 2801 1255 2863 nobiles
1270 2798 1556 2882 comprovinciales

291 2923 434 2966 seorsum
469 2919 499 2966 et
531 2906 718 2986 singillatim
752 2906 792 2967 de
824 2907 985 2988 premissis
1016 2907 1162 2969 fecissent
1189 2906 1450 2968 attestationem:
1476 2904 1553 2964 ltem

292 3011 407 3092 prim0,
432 3011 551 3072 nobilis
575 3011 719 3073 Andreas
743 3013 898 3074 litteratus
922 3012 961 3073 de
988 3014 1203 3096 Beryzlowcz,
1227 3013 1362 3088 vicinus,
1382 3011 1501 3091 juratus
1525 3021 1555 3069 et

291 3117 499 3194 examinatus,
531 3116 631 3177 lassus
655 3131 717 3178 est:
744 3118 831 3198 quod
862 3120 928 3200 ipse
952 3120 1045 3181 sciret
1068 3131 1099 3180 et
1122 3120 1182 3181 sibi
1206 3118 1369 3179 evidenter
1392 3128 1514 3177 constat
1537 3135 1555 3175 a

290 3235 434 3304 tempore
453 3242 519 3304 quo
539 3225 695 3285 memoria
712 3244 767 3285 sua
785 3224 1055 3307 comprehendere
1072 3225 1181 3307 possit,
1199 3224 1337 3285 universi
1354 3235 1554 3297 mercatores,

290 3342 356 3390 tam
389 3327 554 3390 domestici
587 3349 684 3410 quam
709 3330 859 3408 forenses,
881 3351 993 3392 omnes
1017 3331 1212 3391 mercancias
1236 3329 1407 3390 cuiuslibet
1428 3327 1555 3410 generis

293 3436 325 3495 in
342 3454 415 3496 area
432 3434 598 3516 capitulari
616 3437 812 3515 zagrabiensi
831 3449 861 3497 et
877 3415 1042 3518 presertim
1061 3437 1092 3498 in
1109 3435 1208 3497 domo
1227 3435 1379 3517 Stephani
1398 3432 1554 3494 Kewllted

292 3540 324 3601 in
356 3539 441 3601 dicto
474 3539 615 3621 capitulo
646 3539 821 3620 residentis,
847 3541 1026 3622 jobagionis
1054 3540 1240 3602 eorumdem
1266 3540 1500 3622 capitularium,
1525 3550 1555 3598 et

292 3647 324 3707 in
345 3646 444 3707 domo
467 3645 634 3726 hospitalis
654 3661 759 3707 sancte
783 3646 944 3708 Elisabeth
968 3648 999 3707 in
1023 3647 1089 3728 ipsa
1110 3666 1182 3707 area
1203 3645 1400 3727 zagrabiensi
1423 3644 1554 3705 fundata

292 3765 322 3814 et
346 3752 416 3813 aliis
439 3751 589 3812 domibus
613 3752 644 3812 in
669 3752 737 3834 ipso
758 3752 898 3833 capitulo
917 3765 983 3814 tam
1002 3766 1147 3834 tempore
1168 3751 1430 3833 congregacionis
1450 3749 1555 3830 regni·

293 3858 446 3933 colatum,
471 3875 567 3937 quam
601 3857 701 3918 eciam
736 3856 794 3918 fori
828 3870 859 3919 et
891 3858 961 3918 aliis
993 3858 1153 3919 continuis
1181 3857 1295 3919 diebus
1319 3877 1443 3939 semper
1469 3872 1498 3917 et
1523 3857 1554 3918 in

293 3962 382 4024 omni
406 3975 550 4043 tempore
575 3961 674 4024 libere
696 3962 886 4041 habuerunt,
903 3960 1046 4024 fecerunt
1071 3977 1102 4024 et
1118 3962 1332 4024 vendiderunt
1348 3965 1415 4024 sine
1432 3977 1555 4024 contra-

293 4067 438 4129 diccione
463 4067 622 4129 dictorum
647 4069 765 4130 civium
789 4082 928 4151 pretacte
952 4069 1087 4130 civitatis
1110 4069 1229 4130 montis
1247 4069 1432 4145 Grecensis3
1455 4070 1555 4130 immo

293 4187 323 4234 et
348 4173 406 4255 ipsi
431 4173 515 4234 cives
539 4175 658 4235 montis
682 4174 851 4236 Grecensis
875 4175 995 4237 ibidem
1020 4176 1052 4236 in
1074 4175 1198 4237 theatro
1218 4176 1283 4237 sive
1301 4195 1373 4237 area
1390 4175 1555 4257 capitulari

294 4278 409 4340 domos
442 4264 508 4339 sive
540 4279 666 4341 bolthas
695 4281 868 4362 apreciatas
899 4295 1070 4343 tenuerunt
1102 4301 1138 4342 ac
1161 4281 1356 4343 mercancias
1379 4282 1411 4342 in
1436 4280 1556 4341 eisdem

294 4382 437 4445 fec'erunt
468 4398 499 4445 et
528 4400 747 4465 exercuerunt,
772 4387 832 4448 nisi
864 4407 880 4449 a
914 4400 1057 4469 tempore
1082 4387 1218 4449 condam
1244 4378 1398 4449 lobannis
1421 4386 1556 4448 Coruini

293 4490 384 4552 ducis
407 4489 624 4553 contradicere
650 4491 854 4575 inceperunt;
879 4492 984 4555 forum
1008 4506 1115 4555 autem
1136 4492 1374 4574 quottidianum
1396 4493 1455 4574 ipsi
1473 4493 1557 4573 capi-

293 4595 411 4658 tulares
449 4596 481 4657 in
520 4615 593 4658 area
632 4597 775 4679 ipsorum
814 4599 980 4682 capitulari
1016 4618 1143 4682 semper
1174 4598 1311 4661 liberum
1346 4599 1414 4660 sine
1449 4597 1556 4679 aliqua

294 4701 550 4764 contradiccione
566 4715 598 4764 et
614 4702 846 4786 impedimento
862 4703 1052 4766 habuerunt.
1071 4705 1159 4783 ltem,
1175 4705 1323 4786 egregius
1339 4703 1501 4767 lohannes
1517 4703 1557 4764 de

294 4807 446 4890 Pezeryo,
462 4806 598 4888 vicinus,
617 4807 738 4890 juratus
759 4823 790 4872 et
810 4810 1019 4890 examinatus,
1038 4808 1139 4873 fassus
1159 4823 1205 4874 est
1225 4811 1306 4874 scitu
1322 4829 1378 4894 per
1397 4808 1507 4871 omnia
1527 4822 1558 4870 et
