3472 5242
705 334 777 393 Doc.
793 349 824 411 4.
853 367 890 376 —-
917 335 1084 410 Au.15oo.

880 561 918 626 4.

370 683 445 734 Anno
469 683 545 748 1500,
564 683 606 733 29.
626 682 696 734 maii.
715 682 812 734 Eudae.

272 810 446 879 Vladislaus,
470 804 649 894 Hungariae
679 816 726 868 etc.
751 827 814 878 rex,
837 809 934 867 Lucae
963 810 1089 884 episcopo
1115 808 1302 884 zagrabicnsi
1322 813 1472 885 praecipit,
1496 819 1531 868 ut

263 917 405 974 ecclesiam
420 914 613 972 cathedralem
629 914 782 971 cidamum
797 916 980 989 episcopalem
996 916 1135 985 obstruat,
1150 919 1286 991 navisque
1297 918 1528 991 propugnaculis

256 1023 400 1096 fortificat
420 1021 570 1093 insumptis
585 1033 699 1077 10.000
714 1020 800 1094 fior„
816 1039 887 1094 quas
912 1020 1066 1079 Oscaaleius
1089 1024 1234 1096 episcopus
1257 1023 1359 1080 uitem
1385 1024 1531 1081 uoluntate

686 1123 732 1184 aci
752 1126 828 1183 hanc
851 1145 912 1185 rem
928 1129 1107 1200 perscnpsit.

371 1264 570 1326 Wladislaus
593 1263 644 1324 dei
668 1264 774 1344 gracia
806 1283 858 1324 rex
892 1265 1068 1346 Hungarie,
1096 1266 1250 1328 bohemie
1280 1280 1339 1327 etc.
1364 1265 1531 1328 Fidelibus

266 1373 381 1434 nostris
396 1371 641 1433 honorabilibus
651 1371 791 1452 capitulo
809 1371 941 1433 ecclesie
958 1373 1173 1452 zagrabicnsis
1188 1374 1322 1433 salutem
1336 1385 1367 1434 et
1378 1371 1529 1453 graciam.

266 1477 431 1560 Expeditis
454 1477 517 1556 jam
541 1477 670 1539 tandem
691 1477 833 1559 negociis
857 1490 1001 1537 nostrum
1027 1491 1057 1538 et
1080 1478 1183 1539 tocius
1206 1478 1295 1560 regni
1319 1476 1528 1538 commodum

264 1597 295 1646 et
320 1583 465 1646 utilatem
497 1583 773 1660 concernentibus,
798 1582 978 1643 remisimus
1009 1582 1049 1643 ad
1075 1581 1161 1644 illam
1196 1583 1363 1644 ecclesiam
1388 1581 1530 1663 zagrabi-

265 1709 372 1751 ensem
406 1687 535 1750 fidelem
568 1701 724 1764 nostrum,
755 1688 1055 1749 reverendissimum
1087 1688 1120 1748 in
1152 1687 1281 1750 Christo
1316 1701 1450 1769 patrem,
1472 1686 1529 1748 do-

265 1797 389 1857 minum
423 1795 554 1875 Lucam,
586 1794 723 1856 electum
755 1793 899 1855 eiusdem
932 1793 1075 1872 ecclesie,
1104 1793 1273 1854 dominum
1311 1806 1342 1855 et
1371 1792 1530 1875 prelatum

265 1914 401 1980 vetrum,
432 1901 483 1961 cui
508 1901 589 1961 inter
624 1899 685 1960 alia
722 1899 856 1981 negocia
888 1913 994 1959 nostra
1030 1899 1229 1981 expedienda
1265 1899 1472 1980 injunximus,
1497 1912 1532 1959 ut

265 2006 431 2068 ecclesiam
448 2006 687 2086 zagrabiensem
701 2005 767 2083 diu,
781 2005 984 2086 multumque
1002 2005 1191 2088 neglectam,
1208 2026 1243 2066 ac
1255 2006 1355 2066 eciam
1368 2004 1528 2086 palacium

265 2133 301 2174 ac
326 2112 459 2172 domum
486 2111 700 2192 episcopalem
725 2109 897 2171 reformare
929 2125 958 2171 et
983 2124 1157 2172 restaurare
1189 2110 1313 2172 debeat.
1338 2111 1378 2171 Et
1401 2129 1441 2170 ne
1466 2122 1529 2170 tam

177 2275 180 2278 A
266 2218 419 2279 solemnis
451 2216 594 2295 ecclesia,
619 2235 692 2276 cum
732 2217 826 2276 tantis
856 2217 1002 2297 expensis
1025 2216 1065 2276 ad
1093 2216 1222 2277 laudem
1246 2215 1296 2276 dei
1322 2214 1453 2277 fundata
1477 2234 1533 2296 per

268 2325 411 2384 incursus
432 2323 612 2383 Turcarum
636 2322 735 2402 possit
759 2321 934 2402 aliquando
958 2320 1089 2400 destrui,
1106 2321 1325 2382 commisimus
1349 2320 1453 2382 eidem
1472 2320 1529 2380 do·

268 2429 357 2489 mino
375 2429 491 2507 Lucae,
509 2442 543 2489 ut
562 2447 626 2489 non
645 2428 750 2489 solum
763 2427 917 2509 prefatam
936 2428 1102 2489 ecclesiam
1119 2441 1150 2490 et
1166 2427 1300 2489 domum
1317 2425 1532 2509 episcopalem

267 2532 430 2611 reformet,
447 2532 502 2595 sed
526 2532 685 2594 destructo
710 2532 773 2612 jam
798 2533 895 2594 veteri
913 2548 1026 2612 castr0,
1042 2533 1129 2614 juxta
1145 2533 1406 2615 predecessorum
1423 2545 1531 2593 nosto-

268 2658 338 2700 rum
363 2638 498 2716 indulta,
515 2638 624 2699 multis
648 2651 679 2698 et
702 2638 773 2699 aliis
796 2638 888 2699 novis
904 2639 1166 2721 propugnaculis,
1182 2638 1309 2699 meliori
1326 2638 1450 2716 ordine,
1467 2655 1532 2718 quo

267 2743 334 2806 fieri
366 2745 493 2826 poterit,
518 2743 675 2805 fortificet.
700 2744 750 2804 Ad
783 2764 845 2825 que
869 2746 988 2824 omnia,
1014 2760 1048 2807 ut
1080 2765 1137 2806 vos
1162 2745 1220 2827 ipsi
1249 2744 1449 2806 considerare
1474 2762 1531 2826 po·

267 2849 377 2929 teritis,
411 2850 557 2911 maximis
590 2851 769 2932 sumptibus
799 2868 880 2933 opus
912 2851 988 2928 erit;
1012 2850 1157 2913 fidelitati
1181 2863 1283 2912 vestre
1315 2850 1427 2912 harum
1453 2851 1532 2912 serie

271 2956 465 3038 precipimus
488 2969 518 3018 et
542 2956 743 3034 mandamus,
761 2970 918 3037 quatenus
941 2958 1057 3036 statim,
1074 2957 1211 3038 acceptis
1234 2955 1445 3038 presentibus,
1460 2956 1533 3018 illos

270 3063 381 3124 decem
405 3062 493 3123 mille
519 3062 668 3140 florenos,
685 3082 766 3143 quos
788 3063 980 3124 reverendus
1004 3063 1169 3143 quondam
1193 3062 1344 3123 dominus
1362 3060 1534 3123 Oswaldus

271 3168 441 3250 episcopus
464 3167 551 3228 illius
573 3169 705 3230 ecclesie
728 3170 943 3250 zagrabiensis
967 3169 1007 3231 ad
1032 3167 1171 3250 prelatos
1191 3168 1316 3230 labores
1331 3179 1533 3229 testamenta·

277 3273 347 3334 liter
373 3269 570 3353 legaverat*),
583 3273 637 3334 sed
661 3287 691 3335 et
714 3275 791 3335 alias
807 3276 969 3356 pecunias,
986 3294 1048 3355 que
1065 3274 1149 3356 apud
1168 3293 1224 3335 vos
1240 3287 1314 3335 sunt
1330 3273 1381 3334 vel
1397 3273 1533 3335 alterum

269 3392 408 3440 vestrum
430 3378 706 3459 qualitercumque
731 3380 867 3461 reposite
892 3380 964 3458 sint,
983 3379 1103 3461 integre
1128 3392 1159 3440 et
1182 3379 1249 3439 sine
1273 3378 1384 3458 aliquo
1407 3376 1533 3440 defectu

269 3484 418 3544 manibus
448 3481 561 3565 prefati
592 3483 716 3545 domini
749 3485 833 3545 Luce
870 3486 1030 3567 assignare
1061 3484 1204 3546 debeatis
1240 3498 1270 3545 et
1302 3480 1531 3565 teneanimi.”)

271 3588 368 3650 Secus
392 3608 456 3650 non
482 3586 605 3650 facturi.
630 3589 731 3667 Bude,
748 3588 824 3651 feria
849 3603 934 3651 sexta
955 3592 1100 3672 proxima
1117 3603 1188 3671 post
1204 3588 1321 3650 festum
1337 3589 1533 3651 ascensionis

270 3695 414 3772 Domini,
438 3712 523 3754 anno
548 3694 691 3756 eiusdem
716 3695 889 3757 millesimo
913 3696 1182 3777 quingentesimo.

378 3832 496 3884 Farlatti.
516 3833 577 3886 lllir.
598 3832 669 3885 Sacr.
689 3832 762 3886 Tom.
782 3835 812 3886 V.
831 3849 891 3900 pag.
912 3835 971 3886 512.

272 4011 297 4088 ')
304 4013 449 4088 Quomodo
461 4013 556 4070 Lucas
575 4015 718 4087 episcopus
733 4022 976 4072 commemoratam
987 4016 1140 4088 pecuniam
1154 4034 1186 4072 ea
1201 4014 1320 4073 consciis
1336 4015 1531 4090 absumpserit,

813 4120 1004 4177 demonstrat:

273 4237 466 4303 Registrum
497 4252 555 4301 per
592 4253 651 4290 nos
677 4238 793 4290 Lucam
828 4241 1027 4304 episcopum
1055 4241 1176 4291 iactum
1204 4256 1306 4305 super
1332 4243 1447 4293 decem
1467 4243 1534 4293 mil-

272 4325 364 4376 libus
395 4326 463 4377 flor.
495 4340 554 4390 per
585 4328 722 4378 condam
755 4328 920 4379 dominum
963 4328 1153 4379 Oswaldum
1186 4330 1383 4394 episcopum
1415 4332 1452 4380 ad
1486 4331 1533 4381 10-

540 4415 653 4465 horem
680 4416 831 4466 ecclesie
857 4417 1102 4481 zagrabiensis
1130 4417 1276 4481 legatis.

273 4534 345 4599 ltem,
365 4542 425 4586 ante
446 4537 585 4588 adventum
605 4544 723 4589 nostrum
737 4540 834 4590 domini
849 4541 881 4589 de
900 4540 1017 4603 capitulo
1037 4540 1152 4591 ecclesie
1171 4555 1213 4591 za·

344 4624 492 4688 grabiensis
512 4626 669 4676 adlabores
690 4627 804 4677 ecclesie
824 4633 1003 4691 exposuerunt
1022 4666 1204 4679 ......
1228 4629 1252 4682 tl.
1273 4629 1330 4680 101,

274 4709 346 4775 Item,
357 4711 436 4762 iidem
455 4712 553 4763 domini
574 4718 635 4776 post
655 4715 793 4764 adveutum
808 4720 925 4765 nostrum
939 4717 969 4764 ad
984 4717 1093 4767 eosdem
1106 4717 1211 4767 labores

343 4799 494 4851 successive
514 4807 692 4865 exposuerunt
711 4840 1211 4857 ...............
1236 4802 1318 4856 0111
