3472 5242
623 355 698 416 θοι.
721 352 772 430 76,
796 365 845 430 77.
870 386 912 396 -
935 355 994 411 An.
1019 365 1106 427 1510.

843 581 904 650 76.

335 723 410 773 Anno
433 722 508 788 1510,
527 725 551 775 9.
569 722 644 787 junii.
670 720 827 786 Zagrabiae.

233 849 422 924 Inquisitione
451 850 605 906 constituta
628 866 648 903 α
670 849 805 904 comitatu
834 848 1020 920 nogrobicnsi
1048 849 1207 906 nuntiatur
1227 845 1385 923 Mothiizm,
1410 850 1498 908 civem

227 957 388 1030 pellificem‚
400 974 463 1013 cum
482 955 629 1011 nonnullis
644 953 728 1012 sociis
743 954 853 1010 cunoni
862 953 1015 1030 joliannis
1032 950 1235 1012 archidiaconi
1253 956 1343 1012 arinis
1358 956 1499 1014 invasisse

391 1063 512 1136 ejusque
527 1060 725 1134 propinquum
748 1058 887 1117 cambucis
903 1060 1014 1132 ferreis
1036 1060 1140 1134 infeste
1162 1062 1341 1122 mulinoissc.

337 1201 404 1261 Nos
428 1200 546 1261 Paulus
570 1197 793 1280 Chaulowych
817 1197 857 1259 de
875 1198 1117 1280 Gywrkowecz,
1141 1200 1315 1262 vicebanus
1336 1213 1368 1262 et
1390 1219 1499 1262 comes

232 1326 268 1366 ac
292 1305 412 1387 judices
436 1305 594 1367 nobilium
616 1305 785 1366 comitatus
807 1304 1032 1385 zagrabiensis.
1050 1305 1206 1367 Memorie
1223 1305 1498 1383 commendamus,

233 1412 321 1492 quod
346 1431 418 1472 cum
443 1431 502 1473 nos
525 1410 565 1472 ad
588 1411 744 1492 legittime
761 1410 930 1491 peticionis
948 1410 1136 1471 instanciam
1153 1410 1352 1472 honorabilis
1368 1411 1499 1493 capituli

233 1517 365 1579 ecclesie
398 1517 624 1598 zagrabiensis,
648 1516 688 1578 de
719 1515 794 1578 sede
827 1529 932 1577 nostra
966 1515 1131 1595 judiciaria
1159 1517 1304 1578 nobilem
1328 1517 1499 1579 Nicolaum

233 1623 273 1685 de
305 1624 448 1701 Pezerio,
473 1642 573 1684 unum
608 1643 644 1684 ex
677 1622 781 1700 nobis,
806 1621 954 1683 videlicet
986 1621 1124 1698 judicem
1153 1622 1314 1684 nobilium
1338 1623 1379 1684 ad
1403 1620 1498 1684 infra-

232 1729 380 1811 scriptam
405 1729 654 1810 inquisicionem
677 1726 857 1788 laciendam
876 1726 1141 1803 destinassemus;
1159 1728 1214 1809 qui
1234 1727 1364 1790 tandem
1385 1727 1498 1788 exinde

235 1834 274 1895 ad
306 1855 365 1897 nos
398 1855 552 1913 reversus,
576 1835 669 1896 nobis
698 1834 822 1895 retulit:
848 1832 1014 1913 quomodo
1039 1833 1106 1914 ipse
1130 1835 1170 1895 ab
1195 1834 1357 1912 omnibus,
1382 1833 1500 1914 quibus

235 1940 402 2018 decuisset,
435 1941 541 2022 palam
579 1954 609 2002 et
643 1940 749 2001 oculte
781 1938 951 2019 diligenter
981 1938 1186 2020 inquirendo,
1220 1939 1259 2000 de
1293 1936 1500 2021 infrascriptis

233 2047 329 2107 talem
354 2047 531 2107 rescivisset
555 2045 753 2107 certitudinis
774 2045 957 2106 veritatem:
980 2044 1146 2125 quomodo
1168 2045 1220 2106 die
1238 2044 1402 2107 dominico
1418 2046 1500 2107 inter

234 2165 362 2214 octavas
400 2153 597 2214 visitacionis
631 2151 763 2232 virginis
800 2151 910 2228 Marie,
947 2150 1037 2211 cuius
1072 2150 1137 2211 iam
1173 2151 1285 2232 quinta
1320 2151 1501 2232 preterisset

234 2258 381 2318 annualis
404 2258 579 2336 revolucio,
601 2256 733 2338 quidam
759 2256 895 2317 Mathias
916 2255 1058 2338 pellifex,
1080 2276 1165 2317 nunc
1189 2257 1266 2318 civis
1285 2257 1404 2319 montis
1421 2256 1500 2319 Gre-

235 2363 348 2441 censis,
376 2364 546 2445 assumptis
577 2381 684 2423 secum
719 2360 882 2423 Gwrkone
914 2359 1082 2443 irenipare,
1108 2362 1261 2444 Synkone
1293 2362 1437 2424 institore
1469 2376 1501 2424 et

232 2468 303 2529 aliis
340 2468 533 2549 quibusdam
566 2467 778 2549 complicibus
813 2486 869 2527 sue
902 2466 1102 2528 condicionis
1137 2466 1333 2545 hominibus,
1369 2468 1500 2529 armatis

235 2575 384 2636 manibus
419 2588 449 2636 et
482 2574 629 2655 potencia
663 2573 694 2634 in
729 2572 863 2633 domum
894 2572 1086 2633 venerabilis
1118 2572 1241 2634 domini
1274 2572 1430 2634 Johannis
1461 2572 1500 2633 de

234 2679 384 2758 Chasma,
402 2700 486 2741 nunc
510 2678 725 2741 archidiaconi
751 2678 973 2756 kamarcensis,
997 2678 1171 2756 irruissent,
1192 2678 1301 2760 ibique
1325 2679 1499 2759 quemdam

234 2786 398 2847 Thomam
414 2785 561 2868 Persych,
578 2799 741 2862 sartorem,
759 2782 888 2845 fratrem
906 2783 1095 2865 adoptivum
1117 2783 1216 2866 ipsius
1235 2783 1360 2845 domini
1378 2785 1500 2845 kamar-

235 2892 347 2970 censis,
372 2891 529 2953 hostiliter
553 2891 751 2969 invadentes,
776 2910 832 2971 per
856 2890 1023 2970 crinesque
1047 2889 1205 2971 rapientes
1229 2890 1263 2951 in
1287 2902 1403 2951 terram
1428 2909 1500 2972 pro-

233 2998 415 3059 stravissent
439 3010 565 3059 etcum
590 2996 751 3058 cambucis
774 2995 883 3056 ferreis
908 3014 1009 3076 usque
1034 2994 1074 3055 ad
1097 2996 1334 3076 beneplacitum
1355 2996 1500 3077 ipsorum

233 3107 462 3182 verberassent,
475 3104 622 3186 potencia
639 3101 811 3180 mediante,
825 3101 856 3162 in
874 3099 1088 3183 preiudicium
1105 3114 1136 3162 et
1152 3100 1327 3183 dampnum
1345 3114 1376 3163 et
1391 3113 1499 3162 contra

233 3210 413 3272 libertatem
438 3209 609 3271 domorum
635 3207 870 3269 canonicalium
894 3205 987 3267 valde
1012 3224 1177 3286 magnum.
1202 3206 1320 3268 Datum
1346 3207 1500 3288 Zagrabie

234 3317 286 3377 die
318 3316 482 3377 dominico
513 3315 660 3397 proximo
692 3327 764 3375 ante
797 3311 913 3374 festum
945 3311 1027 3373 beati
1061 3311 1205 3374 Barnabe
1231 3312 1379 3395 apostoli.
1404 3316 1500 3374 Anno

235 3420 358 3483 domini
383 3421 555 3483 millesimo
580 3419 839 3502 quingentesimo
863 3416 1000 3479 decimo,

341 3543 476 3608 originale
502 3543 528 3594 in
552 3541 694 3593 thartan
720 3546 798 3606 tergo
824 3540 874 3590 tria
899 3539 990 3605 sigilla
1015 3541 1154 3604 impressa.
1174 3540 1200 3590 ln
1225 3541 1322 3593 archiv.
1342 3554 1401 3590 ven.
1421 3540 1500 3604 capit.

235 3635 341 3697 zagrab.
361 3631 421 3682 Act.
442 3632 505 3696 Cap.
525 3635 577 3681 ant.
597 3630 660 3682 fase.
684 3630 722 3682 10.
743 3643 779 3680 nr.
802 3630 841 3679 16.

764 3891 887 3967 ,77

275 4022 279 4030 ’
340 4039 414 4088 Anno
438 4037 511 4100 1510,
532 4036 574 4086 28.
592 4034 666 4100 lunii.
687 4020 804 4085 Casurae.

235 4167 338 4232 Lucas,
355 4166 497 4237 episcopus
512 4163 715 4236 nogrobiensis,
730 4163 879 4235 vituperat
891 4162 1048 4233 capitulum
1066 4161 1260 4233 angrobieme,
1277 4161 1357 4235 quod
1361 4161 1503 4238 johanni

356 4270 554 4328 archidiaconi
574 4271 604 4326 in
628 4270 856 4342 opportuniorem
879 4267 990 4324 dmum
1013 4268 1225 4340 transmigrare
1246 4276 1370 4326 recusat.

340 4409 547 4471 Venerabiles
578 4408 713 4486 domini,
741 4407 852 4469 iratres
883 4407 994 4468 nostri‘
1012 4405 1199 4467 charissimi.
1225 4407 1297 4467 Non
1332 4424 1502 4487 possumus

236 4517 275 4578 de
307 4517 398 4578 vobis
432 4515 634 4577 vehementer
667 4534 732 4575 non
756 4514 874 4591 mirari,
900 4512 987 4593 quod
1013 4531 1114 4592 quum
1138 4511 1243 4572 sciatis
1267 4510 1439 4592 plerosque
1464 4530 1501 4571 ex

235 4622 397 4684 canonicis
428 4621 517 4682 istius
549 4621 680 4682 ecclesie
708 4633 814 4680 nostre
838 4619 958 4680 nedum
982 4618 1133 4679 domibus
1157 4616 1213 4677 sed
1237 4614 1346 4678 fundis
1370 4635 1501 4698 quoque

236 4729 291 4790 ubi
316 4727 426 4788 usibus
449 4727 514 4788 suis
530 4727 750 4788 habitaculum
766 4724 899 4807 aliquod
917 4722 1064 4786 edificare
1081 4736 1224 4804 possent,
1241 4722 1368 4804 penitus
1384 4740 1501 4802 carere,

236 4853 300 4896 non
319 4831 476 4894 desistatis
499 4832 571 4894 lites
593 4851 694 4894 novas
709 4832 880 4894 adversum
897 4829 1115 4892 venerabilem
1134 4827 1304 4892 dominum
1321 4827 1502 4890 Johannem
