3472 5236
777 336 850 393 Doc.
862 347 915 411 35.
935 366 973 377 -
991 337 1038 391 Aa
1067 346 1157 407 1505.

934 561 994 627 35.

444 732 511 773 inno
534 724 607 775 lSaS.
629 724 642 771 ,i
673 722 765 771 martii.
788 718 885 769 Bndse.

1394 806 1405 835 Ι

360 868 504 923 'iniciemus
538 870 712 935 thranriau
740 874 789 923 etc,
813 884 867 921 rex
897 865 1050 931 interdicit,
1080 884 1115 921 ne
1144 884 1164 919 n
1190 866 1308 937 populi}
1336 872 1367 923 e!
1386 864 1600 941 jobagioaeibtrs

334 978 456 1029 :narrati
479 976 670 1045 waradiensis
692 974 823 1029 collectae
846 972 894 1025 nel
914 972 1031 1028 ‹lettarii
1044 972 1175 1044 firmnles
1186 982 1244 1043 pro
1259 972 1380 1043 negotiis
1393 989 1483 1045 regno
1497 970 1600 1028 debias

881 1078 1049 1149 exigeretur.

441 1220 506 1279 Nos
543 1218 584 1275 W
587 1216 740 1277 ladislaus
774 1215 825 1276 dei
862 1217 967 1297 gracia
1003 1236 1056 1277 rex
1090 1216 1256 1297 Hungarie
1289 1230 1321 1277 et
1353 1214 1508 1277 Bobemie
1539 1227 1602 1277 etc.

341 1326 493 1383 tietantia
530 1322 795 1383 commendamus
831 1336 942 1383 tenore
980 1324 1181 1403 presencium
1220 1321 1435 1403 significantes
1480 1320 1602 1402 quibus

336 1430 462 1510 expedit
486 1429 651 1505 universis,
675 1426 763 1507 quod
796 1445 855 1487 nos
878 1428 1115 1489 considerantes
1138 1429 1278 1489 multum
1307 1428 1458 1489 interesse
1481 1426 1603 1509 princi·

335 1536 429 1615 ¹nibus
451 1534 615 1595 catholicis
639 1533 787 1593 ecclesias
814 1532 865 1593 dei
890 1534 923 1593 in
947 1534 1012 1594 suis
1035 1534 1130 1595 bonis
1152 1533 1385 1615 temporalibus
1407 1552 1475 1594 non
1497 1532 1602 1595 modo

334 1642 413 1701 tueri
433 1656 464 1700 et
480 1655 698 1713 manutenere,
712 1657 823 1699 verum
840 1658 893 1700 eas
908 1637 1164 1719 liberalitateque
1180 1638 1278 1720 digna
1295 1651 1326 1700 et
1341 1638 1474 1719 quidem
1490 1638 1603 1701 debite

335 1748 496 1827 prosequi,
525 1765 590 1825 quo
615 1744 750 1805 ministri
773 1763 883 1805 earum
904 1764 941 1803 ex
961 1744 1016 1805 tali
1033 1746 1086 1826 pia
1101 1746 1285 1826 provisione
1302 1743 1411 1825 aliqua
1426 1743 1603 1805 dulcedine

334 1868 471 1933 sumpta,
495 1852 604 1911 animo
635 1848 781 1910 alacriori
814 1850 913 1910 cultui
945 1850 1056 1911 divino
1083 1851 1225 1912 insistere
1250 1865 1281 1911 et
1304 1869 1362 1932 pro
1385 1850 1487 1912 salute
1511 1850 1603 1933 ipsos

335 1960 366 2017 in
390 1957 622 2039 temporalibus
655 1956 839 2035 juvencium
862 1955 990 2017 sedulas
1021 1958 1061 2017 ad
1085 1957 1276 2018 altissimum
1300 1975 1410 2038 preces
1432 1954 1601 2017 effundere

334 2064 467 2144 possint.
492 2063 575 2123 Sane
606 2064 701 2145 igitur
732 2080 791 2122 nos
821 2082 895 2123 cum
924 2082 982 2144 pro
1014 2082 1051 2124 ea
1082 2083 1137 2145 spe
1167 2078 1197 2125 et
1220 2064 1410 2141 devocione,
1433 2082 1499 2143 qua
1522 2080 1601 2145 erga

335 2169 553 2229 beatissimum
584 2166 781 2248 Stephanum
814 2186 921 2248 regem
957 2182 987 2229 et
1017 2167 1245 2246 confessorem,
1269 2169 1301 2229 in
1333 2169 1424 2230 cuius
1453 2168 1602 2249 glorioso

335 2276 467 2335 nomine
488 2274 620 2334 ecclesia
641 2273 855 2353 zagrabiensis
871 2272 1004 2335 fundata
1021 2290 1052 2335 et
1067 2288 1246 2335 constructa
1263 2274 1378 2351 existit,
1394 2273 1603 2354 singulariter

284 2426 287 2431 .
334 2395 492 2456 tenemur,
514 2393 584 2440 tum
614 2379 726 2453 eciam,
750 2378 825 2457 quia
856 2397 892 2438 ex
929 2379 1150 2441 declaracione
1182 2379 1278 2440 simul
1304 2393 1335 2439 et
1358 2378 1602 2461 supplicacione

335 2485 466 2566 capituli
501 2483 644 2545 eiusdem
676 2483 808 2543 ecclesie
840 2485 1055 2564 zagrabiensis
1103 2485 1259 2546 Maiestati
1290 2498 1397 2546 nostre
1428 2497 1602 2567 propterea

335 2590 428 2667 lacta,
452 2589 671 2670 intelligimus,
694 2588 830 2669 qualiter
862 2590 920 2671 ipsi
949 2604 980 2650 et
1013 2590 1152 2651 universi
1185 2590 1298 2672 populi
1328 2604 1359 2650 et
1383 2589 1601 2670 iobsgionalis

336 2696 535 2757 condicionis
558 2695 704 2756 homines
723 2695 822 2776 ipsius
839 2696 969 2777 capituli
987 2697 1068 2757 inter
1085 2696 1163 2757 alias
1179 2715 1292 2757 eorum
1309 2695 1471 2756 libertates
1487 2695 1599 2757 eidem

336 2802 477 2884 capitulo
509 2822 526 2861 a
555 2801 637 2861 divis
667 2802 795 2881 regibus
819 2801 995 2882 Hungarie,
1019 2804 1134 2864 nostris
1162 2803 1283 2863 scilicet
1306 2801 1599 2883 predecessoribus,

336 2926 511 2984 concessas,
540 2907 579 2967 ab
610 2906 742 2986 antiquo
778 2925 901 2987 semper
932 2921 962 2967 et
994 2907 1034 2969 ad
1067 2909 1125 2969 bec
1157 2926 1258 2987 usque
1289 2920 1446 2988 tempora,
1473 2906 1601 2988 hacque

335 3013 478 3074 libertate
510 3014 558 3074 usi
592 3012 708 3072 luerint
739 3027 770 3073 et
798 3014 917 3094 gavisi:
942 3014 1030 3094 quod
1062 3013 1192 3094 quando
1217 3012 1405 3073 universitas
1434 3012 1599 3074 nobilium

335 3120 424 3201 regni
453 3120 551 3180 nostri
575 3118 742 3179 Sclavonie
773 3120 963 3199 generaliter
987 3120 1038 3180 vel
1063 3120 1242 3200 partialiter
1265 3137 1322 3200 pro
1347 3118 1457 3197 aliquo
1482 3136 1599 3179 eorum

335 3226 471 3307 negocio
502 3224 586 3306 apud
612 3238 752 3286 nostram
777 3226 975 3286 Maiestatem
1005 3226 1055 3286 vel
1080 3226 1181 3286 dictos
1205 3238 1330 3286 nostros
1357 3221 1600 3305 predecessores

336 3331 568 3413 promovendo,
593 3332 631 3392 ab
657 3330 769 3391 incolis
786 3333 875 3411 regni
899 3333 1023 3412 aliquas
1047 3332 1196 3393 collectas
1217 3332 1267 3392 vel
1287 3330 1436 3391 denarios
1459 3328 1600 3391 lumales

334 3438 416 3517 erigi
441 3437 627 3512 ordinasset,
649 3455 775 3516 semper
799 3438 855 3518 ipsi
881 3438 992 3518 populi
1018 3452 1048 3497 et
1072 3436 1258 3517 iobagiones
1282 3434 1394 3516 prefati
1419 3434 1550 3517 capituli
1577 3455 1595 3497 a

336 3542 500 3602 solucione
517 3541 700 3603 huiusmodi
714 3542 920 3603 collectarum
937 3543 987 3602 vel
1000 3542 1205 3602 denariorum
1222 3541 1391 3601 lumalium
1405 3541 1438 3600 in
1451 3540 1598 3602 medium

337 3646 479 3727 ipsorum
496 3648 726 3727 regnicolarum
737 3648 816 3709 solvi
835 3648 1068 3723 debendorum,
1079 3647 1216 3728 exempti
1232 3646 1348 3708 luerint
1365 3659 1396 3707 et
1406 3646 1596 3728 supportati.

339 3752 381 3811 lta
414 3771 472 3811 nos
503 3772 642 3832 qnoque,
675 3754 728 3832 qui
766 3774 878 3814 omnes
909 3754 997 3833 regni
1033 3754 1130 3814 nostri
1166 3754 1325 3830 ecclesias,
1356 3770 1493 3832 quarum
1528 3751 1597 3814 veri

338 3856 462 3937 patroni
487 3860 650 3935 sumus,in
676 3879 783 3919 earum
809 3859 929 3935 juribus
953 3874 983 3920 ct
1007 3859 1207 3919 libertatibus
1225 3873 1333 3935 tenere
1357 3872 1388 3918 et
1407 3876 1597 3919 conservare

337 3974 492 4035 tenemur,
507 3964 693 4045 prescriptos
717 3966 849 4027 colonos
873 3980 902 4025 et
927 3965 1114 4046 jobagiones
1141 3964 1285 4026 eiusdem
1309 3963 1438 4044 capituli
1463 3963 1597 4025 ecclesie

339 4067 552 4145 zagrabiensis
581 4071 620 4129 ab
652 4070 834 4131 huiusmodi
867 4072 1032 4132 saltatione
1065 4072 1309 4152 prescriptarum
1333 4070 1539 4132 collectarum
1565 4084 1598 4130 et

339 4171 540 4233 denariorum
564 4174 603 4235 tle
627 4176 710 4255 regie
735 4190 838 4237 rrristre
865 4176 1061 4237 liberalitatis
1088 4192 1182 4256 atque
1207 4175 1429 4237 munificentie
1453 4174 1541 4236 dono
1565 4187 1598 4236 et

337 4277 442 4355 gracia
477 4280 604 4359 speciali
641 4281 788 4343 alamanus
823 4284 930 4343 ‹lc-titio
966 4298 995 4343 et
1028 4304 1063 4343 ex
1096 4302 1182 4343 novo
1217 4295 1372 4363 perpetuo
1407 4280 1598 4342 eximendos

339 4396 368 4442 et
400 4386 643 4465 supportandos,
669 4388 767 4447 irarno
798 4390 968 4449 mirationis
999 4404 1028 4451 et
1057 4402 1283 4471 supportamus
1314 4386 1514 4469 presencium
1539 4406 1598 4468 per

339 4487 492 4567 vigorem.
513 4494 668 4557 <annino
692 4496 781 4551 vobis
798 4496 945 4555 talalibns
967 4495 1081 4555 riristris
1103 4494 1279 4573 magnificis
1300 4494 1390 4554 banis
1406 4513 1441 4554 ac
1458 4493 1598 4573 egregiis

340 4594 499 4654 vicebaais
515 4598 701 4673 eriruadara,
718 4618 767 4657 rna
797 4620 859 4659 aria
878 4600 1049 4659 srirnitibus
1066 4599 1114 4660 vel
1134 4599 1374 4660 vicecomitibus
1389 4613 1420 4660 et
1435 4597 1598 4680 judicibus

339 4700 496 4759 nobilium
528 4702 600 4761 ‹licti
632 4706 717 4779 rugai
751 4708 846 4763 anmi-i
881 4706 1049 4767 salmonte
1082 4706 1281 4785 presentibus
1312 4719 1342 4765 et
1373 4703 1496 4782 futuris,
1524 4722 1598 4786 pre·

338 4817 442 4865 sentes
467 4804 588 4881 vistula,
612 4808 722 4869 lantum
755 4832 831 4871 eterit·
866 4812 1042 4871 firmissime·
1075 4811 1306 4874 ccitttmittimus
1334 4826 1364 4872 et
1395 4808 1598 4889 mandamus
