3472 5242
244 377 286 438 94
683 358 755 421 Dec.
774 354 825 433 87.
851 391 891 399 —
909 358 966 414 Aa.
987 369 1071 432 1511.

243 598 354 647 tenore
387 584 585 667 presencium
616 581 840 664 significantes,
864 583 982 664 quibus
1006 583 1134 665 expedit
1158 584 1324 662 universis,
1344 578 1444 664 'quod
1463 583 1512 645 vir

244 690 397 774 providus
421 690 508 751 Elias
532 689 571 750 de
588 688 807 771 Czyrquische
825 687 1019 750 inhabitator
1037 689 1171 751 civitatis
1189 702 1295 751 nostre
1311 689 1352 751 ad
1370 703 1510 752 nostram

244 797 453 879 personaliter
487 795 619 856 veniens
654 795 851 876 presenciam
888 792 1052 857 confessus
1088 807 1133 857 est
1168 795 1200 857 in
1235 795 1320 857 hunc
1356 795 1510 857 modurn:

245 901 382 982 qualiter
412 901 630 982 superioribus
661 900 753 960 annis
783 900 967 981 retrolapsis
1001 900 1133 981 quidam
1158 901 1296 963 condam
1321 901 1512 963 Valentinus

244 1007 493 1085 molendinator,
516 1006 637 1068 Pethko
662 1006 775 1085 dictus,
800 1005 973 1085 quamdam
997 1006 1125 1067 vineam
1149 1026 1240 1068 suam
1265 1007 1296 1068 in
1317 1006 1511 1068 Werhowcz

244 1113 397 1190 habitam,
414 1110 514 1173 fassus
534 1110 639 1173 eidem
662 1109 772 1171 fuisset
787 1124 931 1192 tempore
945 1110 1102 1192 judicatus
1120 1112 1177 1172 viri
1195 1112 1321 1194 providi
1339 1127 1369 1174 et
1386 1111 1510 1174 honesti

244 1218 382 1280 condam
407 1218 540 1278 Fabiani
565 1217 689 1279 Czaren
714 1217 801 1294 dicti,
825 1217 905 1278 olim
929 1218 1054 1279 seniore
1072 1218 1177 1279 iudice
1194 1231 1225 1279 et
1241 1219 1372 1280 concive
1390 1232 1511 1297 nostro,

244 1339 339 1407 prout
362 1325 465 1385 dictus
497 1324 584 1386 Elias
607 1324 640 1385 in
664 1324 739 1398 sede
764 1338 870 1385 nostra
895 1323 1059 1404 judiciaria
1085 1344 1158 1386 cum
1182 1325 1290 1406 probis
1315 1338 1345 1386 et
1368 1323 1510 1386 honestis

245 1431 320 1492 viris
343 1450 379 1493 ac
403 1430 464 1491 lide
489 1431 594 1511 dignis
618 1429 804 1490 concivibus
827 1431 941 1491 nostris
958 1449 1065 1491 coram
1084 1431 1177 1491 nobis
1194 1431 1277 1492 clare
1295 1443 1326 1492 et
1342 1429 1510 1491 manifeste

245 1537 465 1618 conprobavit.
503 1535 709 1616 Quequidem
744 1535 836 1596 vinea
873 1536 904 1596 in
939 1537 1098 1597 territorio
1133 1551 1243 1598 nostro
1280 1556 1337 1599 seu
1372 1535 1510 1597 civitatis

244 1641 364 1725 prefate
389 1642 493 1703 existit
518 1642 599 1702 inter
623 1641 701 1702 duas
722 1641 788 1702 vias
810 1661 997 1702 communes
1016 1662 1033 1702 a
1050 1642 1252 1703 meridionali
1272 1654 1303 1703 et
1318 1640 1509 1702 occidentali

247 1750 390 1833 partibus
414 1762 444 1810 et
468 1749 550 1810 inter
573 1748 687 1809 silvam
711 1747 877 1828 hospitalis
900 1749 998 1808 nostri
1024 1750 1115 1809 beate
1133 1748 1233 1809 Marie
1250 1747 1391 1828 virginis,
1408 1768 1425 1809 a
1441 1765 1512 1828 sep·

244 1855 438 1917 temtrionali
464 1867 551 1935 parte
576 1867 606 1914 et
629 1873 685 1935 per
709 1852 844 1914 eandem
861 1853 1002 1914 metham
1019 1853 1195 1934 procedens
1212 1833 1293 1914 infra
1309 1873 1366 1934 per
1382 1854 1511 1914 arbores

210 1989 214 1998 ·
244 1961 391 2022 crucibus
425 1961 574 2039 signatas,
605 1959 751 2040 pervenit
783 1959 814 2019 in
847 1959 982 2019 fluvium
1007 1960 1130 2020 Zernak
1155 1959 1276 2020 dictum
1300 1961 1339 2021 ab
1364 1957 1511 2020 orientali

244 2080 332 2150 parte
364 2079 394 2127 et
418 2086 435 2127 a
460 2065 600 2148 predicta
635 2064 837 2125 meridionali
870 2078 959 2146 parte
988 2065 1069 2126 inter
1092 2064 1257 2145 quoddam
1282 2065 1457 2145 virgultum
1481 2075 1512 2124 et

244 2172 371 2233 vineam
405 2171 561 2232 desertam
595 2169 749 2231 heredum
781 2190 837 2231 seu
862 2189 1080 2232 successorum
1105 2171 1242 2232 condam
1264 2170 1443 2232 Domkonis
1471 2168 1510 2229 de

243 2277 436 2340 Werhowcz
460 2277 605 2339 habitam
630 2291 661 2338 et
677 2277 875 2356 existentem,
892 2277 997 2358 ipsum
1014 2278 1133 2339 scilicet
1151 2277 1288 2339 condam
1303 2277 1510 2338 Valentinum

249 2383 372 2446 Pethlto
404 2383 526 2444 dictum
557 2382 624 2464 jure
657 2383 846 2445 donacionis
872 2397 903 2446 et
925 2384 1157 2466 propriarionis
1180 2405 1198 2445 a
1222 2383 1360 2445 condam
1384 2381 1510 2459 Vrsula,

247 2503 347 2551 matre
378 2509 433 2551 sua
466 2488 628 2571 adoptiva,
662 2502 919 2568 concernentem‚
953 2502 1047 2572 prout
1077 2489 1137 2551 hoc
1169 2491 1201 2550 in
1235 2488 1374 2570 quadam
1407 2488 1511 2549 littera

247 2609 354 2657 nostra
378 2615 434 2656 seu
459 2595 595 2656 civitatis
619 2593 738 2677 prefate
763 2595 955 2677 privilegiali
979 2608 1124 2677 tempore
1148 2595 1306 2677 judicatus
1330 2594 1456 2677 providi
1481 2606 1512 2655 et

247 2701 371 2763 honesti
405 2700 542 2762 condam
576 2701 705 2779 Mathei,
733 2699 789 2762 filii
823 2701 974 2780 Ladislai,
997 2701 1036 2762 de
1070 2721 1154 2763 anno
1187 2701 1310 2764 domini
1335 2700 1510 2762 millesimo

247 2807 563 2888 quadringentesimo
588 2807 797 2888 nonagesimo
821 2820 909 2870 sexto
930 2807 993 2868 iam
1018 2807 1140 2869 dudum
1158 2808 1324 2890 preteritis,
1347 2826 1405 2888 pro
1422 2819 1511 2888 parte

246 2914 344 2996 ipsius
375 2913 512 2975 condam
540 2913 702 2976 Valentini
734 2912 905 2995 superinde
939 2912 1081 2975 conlecta
1107 2926 1138 2975 et
1162 2928 1319 2993 emanata,
1342 2933 1378 2975 ac
1403 2931 1509 2973 coram

246 3021 339 3082 nobis
363 3021 395 3081 in
419 3020 524 3102 specie
549 3019 687 3082 exhibita
716 3032 746 3081 et
774 3020 988 3081 demonstrata
1013 3019 1075 3080 fide
1100 3039 1244 3101 expresse
1268 3018 1410 3080 vidimus
1434 3037 1510 3079 con-

246 3126 338 3187 tineri
368 3126 505 3205 oculata,
528 3127 624 3186 simul
653 3145 724 3187 cum
754 3126 905 3187 omnibus
936 3125 1078 3187 eiusdem
1103 3145 1139 3186 ac
1164 3125 1330 3187 cuiusdam
1354 3123 1509 3206 particule

248 3232 326 3293 silve
344 3231 449 3293 cidem
467 3232 560 3293 vinee
576 3232 750 3294 adiacentis
767 3232 966 3310 utilitatibus,
984 3231 1117 3311 juribus,
1133 3232 1253 3311 usibus,
1267 3231 1512 3313 integritatibus,

246 3351 277 3399 et
307 3337 513 3419 pertinenciis
546 3339 702 3400 universis
734 3351 912 3399 memorato
946 3350 976 3399 et
999 3337 1136 3419 provido
1159 3338 1228 3399 viro
1253 3338 1323 3398 Elie
1348 3337 1387 3398 de
1412 3337 1511 3419 Czyr-

246 3443 380 3525 quische
413 3465 448 3505 ac
481 3464 537 3526 per
570 3443 668 3527 (eum)
699 3446 764 3506 suis
797 3445 969 3507 heredibus
996 3464 1055 3525 pro
1077 3444 1206 3506 florenis
1229 3465 1293 3524 sex,
1318 3458 1413 3528 prout
1436 3443 1511 3505 dicti

245 3549 304 3609 viri
337 3548 490 3630 fidedigni
523 3569 631 3611 coram
663 3551 757 3612 nobis
790 3551 976 3630 retulerunt,
1001 3570 1056 3632 per
1088 3550 1226 3612 eundem
1259 3552 1364 3613 Eliam
1388 3549 1512 3633 prefato

246 3654 418 3717 Valentino
443 3655 565 3717 Pethko
590 3656 686 3735 dicto,
703 3655 767 3737 jam
790 3657 885 3738 plene
911 3656 991 3718 datis
1015 3671 1046 3719 et
1070 3657 1240 3739 persolutis
1264 3657 1459 3719 vendidisset
1482 3668 1513 3717 et

247 3760 442 3840 contulisset,
469 3762 569 3823 immo
601 3782 638 3823 ex
670 3782 827 3824 consensu
860 3764 1039 3825 vicinorum
1070 3762 1286 3845 predictorum
1315 3763 1459 3824 vendidit
1482 3775 1513 3824 et

247 3866 383 3927 contulit
422 3886 530 3928 coram
566 3868 659 3928 nobis
694 3867 762 3948 jure
797 3883 952 3950 perpetuo
984 3882 1015 3930 et
1047 3869 1296 3931 irrevocabiliter
1329 3868 1512 3948 tenendam,

247 3970 474 4052 possidendam
512 3973 628 4054 pariter
663 3986 693 4033 et
725 3973 906 4035 habendam
937 3994 973 4036 ac
1005 3975 1091 4035 iuxta
1122 3975 1346 4036 condicionem
1378 3973 1513 4037 civitatis

246 4090 411 4159 prenotate
437 4079 476 4140 ab
499 4079 631 4160 antiquo
656 4079 897 4160 privilegialiter
921 4081 1129 4163 approbatam
1152 4101 1358 4162 quocumque
1375 4081 1513 4143 voluerit

247 4182 492 4265 disponendam.
518 4183 551 4243 ln
584 4184 673 4244 cuius
704 4185 748 4245 rei
781 4187 981 4264 memoriam,
1014 4187 1243 4266 testimonium,
1266 4187 1513 4268 firmitatemque

247 4302 433 4370 perpetuam
459 4303 620 4370 presentes
643 4291 763 4352 litteras
786 4291 893 4372 sigillo
918 4305 1027 4354 nostro
1045 4294 1208 4355 communi
1226 4295 1390 4356 roboratas
1407 4293 1513 4356 eidem

248 4393 397 4455 duximus
422 4394 652 4457 concedendas.
671 4396 788 4457 Datum
813 4399 923 4459 sabato
948 4399 979 4458 in
1004 4397 1146 4479 profesto
1169 4398 1405 4481 purificacionis
1422 4401 1513 4461 beate

249 4499 347 4560 Maris
387 4500 529 4580 virginis.
578 4506 673 4564 Anno
713 4502 837 4564 domini
877 4504 1051 4566 millesimo
1089 4506 1347 4587 quingentesimo
1387 4506 1513 4569 decimo

246 4624 363 4687 primo.

354 4743 489 4812 Originale
508 4745 534 4798 in
554 4749 746 4800 membranah
764 4753 841 4815 tergo
861 4749 1020 4814 impressum
1039 4756 1080 4803 est
1099 4752 1512 4819 sigillumcommunis.1narch.

249 4829 308 4884 luel.
326 4833 421 4885 decad.
443 4832 541 4887 Sclent.
561 4834 662 4888 Slavor.
683 4837 775 4889 merld.
1081 4902 1100 4930 ε
