3472 5242
644 296 763 354 Statura
787 296 1079 358 Praebendarr'orum.

236 404 298 410 —-
315 404 320 409 .
331 403 617 410 ——-----.
630 403 763 409 ——n

332 528 383 586 De
406 528 521 587 salario
543 526 653 584 domini
673 526 782 587 decani.

336 666 513 744 Postremo,
537 679 573 726 ut
597 665 752 746 quoniam
777 664 928 727 dominus
944 664 1086 727 decanus
1102 680 1209 728 noster
1226 665 1374 728 universa
1391 680 1498 728 nostra

232 772 366 854 negocia
389 770 537 853 diligenti
562 784 593 832 et
618 785 727 833 exacta
744 791 818 832 cura
842 771 962 853 ubique
988 785 1158 852 promovet
1182 785 1213 833 et
1236 771 1373 850 ordinat,
1402 773 1498 853 igitur

232 893 266 939 ut
291 897 373 959 quos
402 877 493 939 labor
516 877 642 958 premit,
674 896 853 959 congruum
884 889 941 956 est,
974 891 1008 939 ut
1032 877 1091 939 hos
1123 878 1257 959 dignum
1288 898 1418 961 quoque
1449 899 1497 940 se·

155 1005 162 1018 ·
231 960 590 1066 quaturcommodum,
627 1003 692 1064 quo
716 983 821 1045 allecti
844 983 1013 1045 alacriores
1037 1004 1069 1044 se
1094 984 1179 1066 ipsos
1211 998 1352 1067 prestent
1384 985 1416 1046 in
1441 986 1498 1046 ob-

230 1090 360 1172 sequiis.
392 1090 586 1150 Eamobrem
617 1108 676 1150 nos
707 1107 837 1170 quoque
862 1090 952 1168 moti,
984 1089 1194 1169 decrevimus,
1219 1105 1253 1152 ut
1276 1110 1314 1152 ex
1347 1092 1498 1153 omnibus

231 1195 475 1257 testamentariis
499 1194 724 1274 legationibus,
749 1194 934 1256 elemosinis
957 1196 1199 1257 occurrentibus
1222 1210 1253 1258 et
1268 1197 1497 1275 oblationibus,

232 1302 370 1383 exceptis
387 1300 520 1362 decimis
537 1300 663 1379 nostris,
677 1299 764 1361 idem
776 1300 928 1362 dominus
941 1301 1082 1363 decanus
1098 1317 1206 1364 noster
1221 1302 1314 1365 tollat
1331 1302 1498 1385 dupplam.

334 1498 383 1554 De
405 1498 527 1570 reposito
549 1503 578 1555 et
599 1497 732 1574 expensis
755 1497 850 1554 nostri
869 1498 987 1571 collegii.

335 1635 488 1697 Finaliter
512 1635 690 1714 statuimus,
715 1635 791 1716 quia
815 1635 922 1717 sepius
946 1636 1012 1698 imo
1038 1635 1216 1719 frequentia
1241 1651 1337 1718 atque
1374 1637 1498 1699 diversa

233 1742 326 1803 nobis
349 1755 516 1803 occurrant
541 1741 685 1822 negocia,
709 1760 946 1822 nonnunquam
970 1743 1065 1804 etiam
1092 1744 1213 1820 ardua;
1248 1763 1288 1804 ne
1324 1756 1431 1805 autem
1461 1763 1497 1804 ea

232 1849 274 1909 ob
298 1847 467 1929 penuriam
491 1867 702 1929 expensarum
735 1845 920 1909 labefactari
951 1849 1115 1931 contingat
1147 1850 1225 1931 quin
1258 1849 1371 1933 pocius
1404 1869 1441 1912 ea
1466 1850 1498 1911 in

234 1953 443 2015 commodum
466 1967 610 2015 nostrum
636 1953 677 2014 ad
700 1966 847 2035 optatum
870 1953 966 2016 finem
999 1954 1114 2018 deduci
1146 1956 1269 2039 possint
1300 1969 1332 2017 et
1362 1955 1499 2035 valeant,

234 2060 265 2119 in
290 2059 424 2140 singulis
447 2058 660 2120 divisionibus
692 2059 808 2120 nostris
831 2061 1023 2140 pecuniariis
1047 2081 1144 2124 unam
1168 2061 1356 2144 porcionem
1380 2060 1421 2121 ad
1445 2080 1499 2120 ne·

233 2165 392 2226 cessitates
416 2165 544 2246 collegii
569 2165 669 2226 nostri
693 2178 886 2226 reservatam
908 2185 1034 2249 semper
1058 2187 1125 2228 esse
1150 2167 1310 2229 volumus.

341 2303 477 2369 Originale
489 2305 513 2355 in
526 2305 685 2356 membrana.
695 2303 722 2355 ln
733 2304 824 2354 archiv
843 2304 902 2359 incl.
913 2308 1008 2360 licead.
1018 2307 1111 2359 scient.
1123 2305 1226 2359 Slavor.
1240 2306 1332 2357 merld.
1344 2301 1376 2356 ll.
1388 2306 1414 2355 b.
1436 2303 1493 2359 147.
