3472 5242
664 312 739 372 Dor.
764 306 813 372 81.
836 342 879 352 —
901 311 958 369 An.
984 321 1074 386 1510.

233 558 292 600 nos
325 559 381 621 per
412 537 523 599 fideles
554 551 678 599 nostros
709 535 899 598 honorabile
928 536 1104 618 capitulum
1129 536 1260 598 ecclesie
1286 537 1500 618 zagrabiensis

232 656 341 706 contra
379 664 435 706 vos
473 662 585 724 graves
623 642 763 724 querele,
798 641 935 723 qualiter
968 661 1025 702 vos
1057 660 1121 702 non
1158 643 1299 704 contenti
1337 643 1500 723 prioribus

234 749 360 810 damnis
376 762 406 810 et
423 749 548 811 iniuriis
567 748 688 810 eisdem
705 747 933 829 capitularibus
951 747 1056 827 illatis,
1073 747 1177 809 adhuc
1194 767 1268 810 cum
1284 748 1360 830 ipsis
1373 749 1500 811 racione

234 855 401 917 cuiusdam
434 853 505 933 fori,
530 875 596 936 quo
620 855 719 915 iidem
743 852 933 935 capitulares
956 874 974 914 a
998 853 1130 915 vetustis
1153 873 1278 935 semper
1302 855 1500 935 temporibus

234 962 266 1022 in
298 962 368 1043 ipso
393 960 534 1042 capitulo
559 959 688 1042 pacifice
713 960 761 1020 usi
790 956 886 1020 fuisse
911 959 1071 1038 dicuntur,
1095 959 1322 1041 disceptamus,
1347 961 1498 1041 ipsosque

234 1066 330 1128 variis
359 1066 494 1143 iniuriis,
519 1065 708 1146 damnisque
742 1078 773 1126 et
804 1066 964 1126 minarum
996 1064 1262 1146 imposicionibus
1293 1064 1404 1127 dietim
1432 1064 1500 1127 alfi-

236 1192 306 1234 cere
340 1192 405 1233 non
438 1172 611 1252 cessaretis,
636 1170 723 1252 quod
748 1190 807 1231 nos
831 1170 955 1232 diucius
978 1171 1070 1232 vobis
1094 1168 1175 1231 serre
1200 1183 1230 1231 et
1254 1172 1319 1252 pati
1344 1172 1500 1250 nolentes,

235 1278 434 1339 decrevimus
466 1297 524 1339 nos
556 1277 626 1359 ipsi,
658 1277 734 1338 scita
766 1277 853 1358 prius
883 1277 1110 1359 premissorum
1141 1296 1229 1338 mera
1261 1277 1403 1357 veritate,
1435 1291 1500 1339 tam

235 1384 406 1465 negocium
441 1381 500 1444 fori
536 1384 645 1464 ipsius,
678 1402 775 1464 quam
808 1383 903 1444 etiam
937 1403 1049 1444 omnes
1083 1383 1268 1444 huiusmodi
1305 1383 1437 1444 iniurias
1468 1398 1499 1445 et

236 1489 429 1552 damnorum
455 1489 620 1550 illaciones
644 1489 725 1551 inter
750 1508 806 1548 vos
830 1502 860 1549 et
883 1489 988 1569 ipsum
1014 1488 1189 1569 capitulum
1209 1508 1266 1569 per
1282 1488 1340 1550 hcc
1357 1503 1501 1570 tempora

236 1595 321 1657 ultro
346 1595 489 1675 citroque
514 1595 684 1656 commissa
701 1613 798 1674 quam
815 1594 955 1675 primum
972 1593 1039 1675 jure
1057 1592 1217 1654 mediante
1234 1593 1377 1655 revidere
1394 1608 1425 1655 et
1440 1594 1502 1656 biis

239 1701 389 1764 omnibus
412 1701 581 1762 indilatam
612 1700 709 1762 finem
743 1700 919 1781 imponere.
955 1699 1111 1773 Quamvis
1135 1712 1242 1761 autem
1266 1719 1359 1761 cause
1384 1698 1502 1762 lactum

208 1807 439 1889 =proprietatis
470 1826 746 1888 quarumcumque
779 1825 885 1867 rerum
917 1818 948 1867 et
979 1806 1188 1887 negociorum
1221 1819 1401 1868 vestrorum
1433 1819 1501 1869 tan-

235 1924 347 1994 gentes
369 1927 400 1974 et
415 1925 654 1991 concernentes,
670 1911 848 1973 secundum
864 1912 1060 1993 exigenciam
1079 1912 1233 1973 libertatis
1249 1926 1351 1973 vestre
1365 1912 1503 1975 debeant

235 2018 267 2079 in
299 2018 408 2080 sedem
433 2019 574 2099 magistri
598 2018 856 2080 thavernicorum
880 2031 1062 2078 nostrorum
1086 2018 1263 2098 provocari,
1292 2031 1399 2079 tamen
1425 2018 1501 2100 quia

235 2144 349 2186 omnes
371 2125 557 2187 huiusmodi
586 2124 767 2185 differencie
793 2136 824 2185 et
845 2123 1059 2184 controversie
1084 2123 1207 2184 ratione
1231 2122 1416 2185 huiusmodi
1441 2122 1501 2186 fori

237 2232 318 2294 inter
341 2250 398 2292 vos
422 2244 453 2292 et
476 2231 666 2312 capitulares
690 2230 776 2311 ipsos
799 2228 898 2289 modo
918 2229 1074 2310 premisso
1096 2228 1135 2290 de
1156 2249 1242 2291 novo
1259 2230 1389 2291 suborte
1406 2245 1501 2312 atque

235 2337 392 2398 violencie
425 2350 455 2397 et
489 2337 616 2412 damna,
641 2334 820 2415 iniuriaque
853 2334 999 2395 similiter
1021 2334 1147 2395 noviter
1171 2348 1201 2396 et
1225 2335 1334 2397 medio
1358 2349 1501 2419 tempore

237 2445 432 2523 subsequute
464 2462 521 2524 per
552 2461 611 2502 nos
642 2455 673 2502 et
704 2440 743 2501 de
775 2440 1004 2501 consvetudine
1036 2440 1125 2521 regni
1157 2453 1188 2500 et
1218 2439 1257 2500 de
1286 2441 1371 2522 regie
1395 2455 1501 2503 nostre

238 2548 401 2630 potestatis
424 2547 625 2628 plenitudine
650 2546 837 2624 adiudicari,
858 2544 1059 2626 reviderique
1084 2559 1114 2607 et
1138 2545 1343 2607 determinari
1368 2548 1501 2628 possint,

237 2654 279 2715 ob
303 2652 364 2714 hoc
387 2652 611 2713 mandavimus
638 2670 695 2733 per
718 2651 796 2712 alias
820 2664 944 2712 nostras
967 2651 1120 2730 magistro
1144 2650 1387 2731 prothonotario
1412 2653 1500 2732 regni

238 2759 336 2819 nostri
372 2757 543 2819 Sclauonie
575 2770 606 2818 et
636 2756 795 2838 judicibus
826 2755 985 2818 nobilium
1018 2756 1187 2817 comitatus
1218 2757 1443 2836 zagrabiensis,
1468 2771 1503 2819 ut

238 2863 297 2944 ipsi
321 2863 414 2924 etde
439 2863 573 2943 antiquo
596 2863 739 2944 parcium
764 2881 823 2922 usu
847 2875 943 2943 atque
967 2860 1039 2922 loco
1064 2860 1208 2922 eiusdem
1233 2861 1293 2922 lori
1318 2876 1349 2923 et
1373 2862 1411 2923 de
1432 2863 1503 2924 aliis

238 2969 388 3030 omnibus
420 2969 501 3030 inter
531 2988 587 3030 vos
616 2981 647 3029 et
679 2968 799 3028 dictum
824 2966 1001 3048 capitulum
1026 2966 1179 3028 hactenus
1203 2969 1308 3045 motis,
1333 2968 1449 3030 habitis
1473 2983 1504 3030 et

238 3074 403 3153 suscitatis,
428 3075 612 3135 convocatis
644 3073 799 3151 universis
830 3072 943 3133 vicinis
974 3085 1004 3132 et
1037 3073 1265 3133 commetaneis
1294 3087 1501 3155 utrarumque

238 3181 379 3263 parcium
413 3180 590 3242 secundum
622 3180 843 3240 attestaciones
871 3179 1097 3258 juramentales
1121 3179 1297 3240 eorundem
1322 3180 1502 3241 vicinorum

238 3287 278 3347 ab
311 3286 432 3347 eisdem
461 3285 572 3363 sciant,
597 3285 760 3366 inquirant
791 3299 821 3346 et
853 3285 1055 3365 experiantur
1079 3303 1200 3345 meram
1225 3297 1256 3344 et
1279 3285 1503 3347 omnimodam

239 3392 436 3454 certitudinis
468 3393 642 3471 veritatem,
669 3412 766 3472 quam
799 3390 928 3452 tandem
962 3390 1055 3451 nobis
1085 3391 1116 3450 in
1141 3391 1252 3451 litteris
1276 3391 1418 3472 ipsorum
1443 3393 1502 3453 sub
1594 3413 1597 3419 ·

239 3517 350 3559 eorum
375 3498 488 3579 sigillis
512 3497 647 3559 fideliter
674 3498 866 3579 perscribere
892 3510 922 3557 et
946 3497 1037 3558 vobis
1062 3496 1204 3576 utrisque
1229 3497 1371 3577 partibus
1395 3517 1501 3558 coram

239 3604 332 3665 nobis
356 3604 406 3665 vel
432 3603 668 3664 locumtenente
691 3615 799 3664 nostro
819 3603 851 3662 in
869 3602 989 3663 eisdem
1007 3602 1118 3663 litteris
1136 3602 1277 3682 ipsorum
1297 3602 1504 3684 comparendi

238 3710 411 3771 terminum
435 3708 588 3790 prefigere
611 3724 641 3769 et
663 3722 797 3769 statuere
815 3709 948 3769 omnino
967 3707 1113 3768 debcant.
1132 3708 1337 3789 Quapropter
1352 3709 1504 3769 volumus

240 3826 270 3875 et
300 3813 444 3875 fidelitati
477 3828 577 3875 vestre
611 3814 724 3875 harum
760 3815 839 3874 serie
873 3814 1067 3874 strictissime
1101 3814 1331 3875 committimus
1359 3828 1390 3875 et
1414 3833 1504 3876 man-

239 3918 363 3996 damus,
395 3932 553 3999 quatenus
585 3919 662 3979 dum
699 3933 729 3980 et
761 3938 858 3998 quam
890 3919 1030 4000 primurn
1064 3938 1121 4000 per
1153 3920 1291 3979 cundem
1317 3920 1504 4000 magistrum

240 4024 444 4085 Franciscum
469 4025 644 4106 personalis
668 4025 832 4106 presencie
856 4037 962 4084 nostre
987 4037 1017 4084 et
1041 4025 1129 4104 regni
1152 4024 1238 4084 illius
1258 4019 1355 4085 nostri
1373 4024 1504 4106 protho-

240 4130 399 4190 notarium
424 4149 496 4190 cum
522 4132 720 4211 presentibus
745 4129 888 4210 requisiti
913 4128 1047 4207 fueritis,
1065 4130 1152 4190 illico
1176 4129 1216 4190 ad
1242 4150 1314 4190 eum
1341 4131 1447 4191 locum
1474 4144 1504 4192 et

239 4235 324 4296 diem
349 4235 389 4296 ad
413 4254 511 4315 quem
536 4236 737 4296 vobis'idem
759 4236 959 4317 deputaverit
978 4256 1086 4297 coram
1105 4237 1173 4317 ipso
1191 4235 1400 4317 personaliter
1417 4256 1505 4297 corn·

239 4360 349 4422 parere
373 4355 405 4401 et
427 4342 577 4402 interesse
601 4356 697 4422 atque
723 4343 856 4419 vicinos,
880 4355 1039 4422 testesque
1065 4355 1096 4402 et
1119 4342 1227 4401 omnia
1246 4341 1308 4401 alia
1326 4340 1504 4421 probabilia

239 4460 270 4508 et
293 4446 458 4508 evidentia
483 4446 675 4508 documenta
701 4462 813 4525 vestra,
835 4448 860 4508 si
885 4467 948 4528 que
973 4448 1005 4508 in
1029 4448 1191 4528 premissis
1215 4465 1273 4527 pro
1297 4460 1384 4527 parte
1410 4446 1504 4506 vestri

239 4551 371 4631 habetis,
382 4551 503 4613 ibidem
520 4551 696 4632 producere
718 4567 749 4614 et
771 4553 810 4614 ad
832 4551 998 4615 latendum
1015 4554 1048 4614 in
1063 4553 1226 4634 premissis
1243 4571 1373 4613 omnem
1390 4552 1435 4612 rei
1451 4571 1505 4612 ve-

239 4657 364 4720 ritatem
387 4657 456 4718 sine
476 4659 565 4718 omni
589 4658 747 4720 dilacione
773 4659 923 4720 exhibere
948 4671 978 4720 et
1001 4658 1131 4719 tandem
1155 4657 1195 4719 ad
1217 4657 1390 4718 terminum
1413 4656 1506 4718 vobis

239 4782 295 4844 per
329 4762 468 4824 eundem
499 4763 687 4844 magistrum
719 4763 999 4845 prothonotarium
1030 4782 1137 4825 coram
1170 4762 1265 4824 nobis
1296 4761 1502 4843 comparendi
