3472 5242
689 299 761 358 Doc.
786 295 833 359 81.
858 332 900 340 —
926 301 981 359 An.
1005 314 1092 376 1510.
1479 306 1520 390 87

259 402 462 409 -—-—-
476 404 537 408 —-
555 403 563 407 -
587 404 646 409 .-.

254 524 363 586 omnia
398 543 457 585 nos
489 523 570 585 inter
600 538 705 607 partes
736 525 880 586 volentes
911 526 1053 588 revidere
1086 541 1117 589 et
1149 530 1301 591 omnibus
1334 531 1520 597 huiusmodi

253 629 518 691 contencionibus
542 642 573 691 et
596 630 820 691 controversiis
844 629 941 692 finem
961 631 1132 694 indilatam
1151 634 1327 716 imponere,
1350 640 1518 702 statuimus

255 736 293 797 de
326 735 388 797 hiis
419 755 516 817 quam
545 736 685 818 primum
717 755 773 817 per
805 735 933 797 fidelem
967 751 1110 799 nostrum
1143 741 1308 820 egregium
1333 745 1520 823 magistrum

255 841 460 903 Franciscum
494 840 533 902 de
566 839 715 902 Marocha
747 842 924 923 personalis
947 843 1109 924 presencie
1134 859 1240 906 nostre
1265 861 1296 908 et
1319 849 1409 929 regni
1434 850 1521 912 illius

254 947 352 1009 nostri
393 946 565 1008 Sclauonie
604 945 884 1028 prothonotarium
925 962 955 1009 et
992 948 1113 1027 judices
1152 952 1310 1014 nobilium
1350 955 1520 1018 comitatus

254 1053 469 1134 zagrabiensis
501 1065 587 1113 certo
615 1053 736 1115 cercius
759 1052 904 1130 edoceri3
938 1067 1064 1115 etcum
1089 1057 1261 1136 negocium
1286 1072 1317 1119 et
1341 1079 1390 1120 res
1411 1060 1520 1122 huius·

255 1158 343 1220 modi
368 1160 461 1220 vobis
487 1173 517 1219 et
534 1158 707 1239 unicuique
724 1171 864 1220 vestrum
881 1173 1024 1220 constare
1042 1160 1165 1223 dicatur
1182 1163 1356 1243 evidenter,
1374 1164 1519 1229 fidelitati

255 1265 351 1347 igitur
374 1277 476 1329 vestre
503 1278 534 1327 et
556 1277 696 1325 vestrum
719 1265 850 1326 cuilibet
866 1265 980 1326 barum
997 1266 1076 1327 serie
1094 1266 1273 1329 firmissime
1291 1271 1521 1333 committimus

255 1384 286 1432 et
316 1371 517 1449 mandamus,
549 1384 706 1452 quatenus
739 1369 815 1430 dum
851 1384 882 1431 et
915 1390 1012 1451 quam
1044 1372 1184 1453 primum
1217 1393 1289 1435 curn
1322 1377 1522 1457 presentibus

254 1496 309 1558 per
342 1477 480 1537 eundem
512 1476 699 1558 magistrum
730 1475 1007 1557 prothonotarium
1040 1477 1090 1538 vel
1120 1477 1241 1556 judices
1274 1481 1433 1542 nobilium
1466 1497 1520 1544 aut

255 1602 370 1644 eorum
394 1582 530 1643 alterum
555 1602 627 1643 cum
651 1582 851 1663 presentibus
876 1581 997 1642 fueritis
1022 1583 1177 1662 requisiti,
1203 1585 1253 1645 vel
1277 1586 1356 1646 alter
1379 1600 1519 1648 vestrum

256 1688 426 1769 requisitus
450 1686 555 1767 fuerit,
580 1687 668 1748 illico
696 1688 728 1748 in
756 1687 951 1769 presenciam
979 1687 1078 1769 ipsius
1098 1689 1244 1769 magistri
1263 1691 1422 1752 Francisci
1446 1712 1519 1773 pro-

201 1824 210 1839 ·
255 1793 427 1855 thonotarii
457 1793 497 1854 ad
530 1794 637 1854 locum
669 1807 699 1854 et
730 1794 903 1854 terminum
934 1793 1026 1854 vobis
1050 1813 1107 1875 per
1131 1794 1270 1856 eundem
1296 1796 1518 1878 prefigendum

254 1899 465 1981 personaliter
496 1899 647 1961 accedere
677 1913 707 1960 et
731 1898 862 1960 insimul
886 1899 1069 1978 convenire,
1093 1913 1188 1980 atque
1214 1900 1334 1962 ibidem
1359 1902 1398 1962 ad
1423 1901 1520 1963 fidem

255 2018 390 2066 vestram
423 2005 483 2066 deo
517 2005 669 2082 debitam,
693 2004 945 2085 fidelitatemque
977 2005 1070 2065 nobis
1102 2018 1132 2066 et
1161 2025 1247 2066 sacre
1269 2025 1389 2068 corone
1414 2022 1520 2069 nostre

254 2110 500 2189 observandam,
533 2124 617 2171 tacto
653 2110 813 2172 dominice
849 2111 951 2171 crucis
985 2110 1078 2191 signo
1114 2111 1328 2192 prestandum,
1359 2126 1455 2194 prout
1489 2127 1520 2175 et

256 2216 532 2296 quemadmodum
564 2236 620 2299 per
647 2217 752 2298 ipsum
776 2216 964 2296 magistrum
988 2214 1267 2296 prothonotarium
1293 2238 1387 2279 causa
1411 2232 1442 2280 et
1465 2241 1520 2283 ne·

254 2323 350 2403 gocio
388 2323 418 2382 in
455 2323 610 2404 premisso
646 2322 773 2383 racione
808 2321 883 2382 dicti
920 2321 979 2382 fori
1015 2335 1046 2382 et
1081 2321 1148 2382 eius
1184 2342 1287 2401 cursu,
1319 2324 1520 2406 aliarumque

255 2427 510 2489 differenciarum
543 2429 624 2489 inter
656 2440 760 2509 partes
792 2428 875 2508 ipsas
909 2425 1088 2488 habitarum
1123 2426 1245 2488 fueritis
1274 2430 1456 2508 examinati,
1488 2444 1519 2492 et

255 2534 360 2613 qualis
383 2534 475 2594 vobis
500 2547 531 2595 et
555 2534 729 2614 unicuique
754 2546 894 2594 vestrum
919 2533 951 2592 in
975 2531 1036 2592 hiis
1060 2546 1182 2594 constat
1206 2532 1364 2596 certitudo
1381 2536 1521 2598 veritatis

255 2659 314 2701 suo
343 2638 442 2701 modo
478 2639 580 2718 lateri,
616 2639 785 2719 dicereque
821 2653 852 2698 et
885 2638 1017 2698 recitare
1052 2637 1159 2698 modis
1191 2639 1342 2700 omnibus
1379 2639 1522 2703 debeatis

256 2759 286 2807 ct
317 2746 501 2807 teneamini.
527 2746 591 2807 Ubi
615 2758 722 2806 autem
746 2764 804 2806 vos
827 2744 878 2804 vel
902 2744 981 2805 alter
1005 2755 1145 2803 vestrum
1170 2763 1238 2804 sese
1263 2745 1294 2804 in
1319 2746 1521 2826 premissisa

255 2851 455 2933 perhibendo
486 2852 670 2913 testimonio
703 2850 826 2912 veritati
851 2849 1083 2926 abstraheretis,
1108 2861 1222 2909 extunc
1247 2851 1468 2912 commisimus
1492 2865 1523 2914 et

255 2959 456 3038 presentibus
487 2958 624 3019 strictius
657 2957 887 3018 committimus
921 2956 1075 3016 vicebano
1109 2969 1139 3014 et
1170 2954 1330 3034 judicibus
1361 2958 1521 3020 nobilium

257 3063 331 3124 dicti
356 3065 525 3126 comitatus
549 3064 775 3144 zagrabiensis,
793 3077 826 3123 ut
852 3062 910 3142 ipsi
935 3079 992 3121 vos
1016 3074 1047 3121 et
1072 3060 1250 3140 quemlibet
1274 3075 1412 3122 vestrum
1432 3063 1472 3123 ad
1492 3064 1523 3124 id

256 3167 438 3232 faciendum
462 3189 519 3252 per
542 3189 640 3230 onera
664 3181 694 3230 et
716 3168 901 3249 gravamina
927 3167 959 3227 in
983 3166 1125 3246 generali
1151 3166 1279 3227 decreto
1305 3181 1413 3228 nostro
1430 3188 1522 3250 supe·

256 3276 346 3337 rinde
371 3289 547 3358 expressata
573 3289 603 3336 et
626 3274 804 3355 specificata
827 3273 929 3333 arcius
946 3271 1142 3352 compellant
1159 3285 1189 3331 et
1205 3272 1390 3352 astringant,
1407 3287 1519 3334 aucto-

255 3383 345 3444 ritate
366 3397 472 3443 nostra
498 3382 583 3462 regia
606 3381 804 3463 presentibus
825 3378 901 3459 ipsis
925 3377 957 3437 in
982 3375 1039 3436 hac
1065 3388 1153 3457 parte
1179 3394 1327 3437 concessa
1348 3378 1520 3440 mediante.

257 3488 355 3549 Secus
380 3489 475 3569 igitur
498 3487 585 3549 nulla
611 3487 738 3548 racione
768 3484 869 3546 lacere
887 3482 1121 3565 presummatis.
1140 3481 1343 3543 Presentibus
1359 3483 1516 3565 perlectis,

257 3594 418 3655 exhibenti
444 3594 605 3655 restitutis.
631 3593 749 3654 Datum
773 3591 805 3651 in
831 3609 900 3651 arce
918 3588 1069 3650 Nitriensi
1089 3587 1119 3648 in
1137 3586 1218 3649 festo
1235 3588 1409 3649 nativitatis
1426 3590 1517 3652 beate

257 3700 356 3761 Maria
381 3699 524 3780 virginis.
549 3704 645 3760 Anno
670 3697 792 3759 domini
818 3695 991 3757 millesimo
1015 3694 1273 3776 quingentesimo
1297 3694 1434 3756 decimo.

362 3822 496 3886 Originale
517 3823 542 3872 in
562 3822 659 3873 charta.
679 3821 706 3872 ln
727 3821 824 3871 archiv.
844 3834 902 3870 ven.
924 3818 1008 3882 Capit.
1028 3818 1134 3881 zagrab.
1153 3817 1210 3868 net.
1223 3820 1274 3868 ant.
1289 3816 1352 3868 fasc.
1370 3819 1408 3870 10.
1421 3831 1459 3871 m.
1473 3819 1514 3869 71.

859 4084 914 4149 81.

361 4213 434 4262 Anno
457 4211 533 4274 1510,
557 4211 597 4260 14.
618 4207 785 4274 septembris.
809 4207 919 4258 Nitriae.

265 4342 438 4410 Vlndislaus,
462 4339 639 4412 Hungariae
668 4345 719 4397 etc.
745 4355 809 4405 rex,
840 4334 1038 4393 emmunitati
1064 4329 1194 4390 civitatis
1223 4329 1326 4386 monus
1357 4326 1520 4400 Grecensis,

255 4467 329 4522 quae
359 4448 486 4520 capitulo
517 4445 669 4518 denegavit
691 4444 803 4518 forum,
825 4441 973 4513 praecutit,
998 4445 1032 4494 ut
1060 4438 1105 4493 die
1126 4436 1278 4494 constituta
1302 4434 1378 4490 litem
1402 4432 1521 4505 inserat.

362 4567 561 4628 Wladislaus
584 4565 636 4626 dei
659 4564 764 4646 gracia
789 4582 842 4624 rex
861 4559 1025 4641 Hungarie
1051 4571 1081 4619 et
1103 4556 1256 4618 Bohemie
1281 4568 1340 4615 etc.
1358 4552 1523 4614 Fidelibus

256 4674 373 4736 nostris
397 4672 607 4755 prudentibus
630 4683 661 4732 et
684 4668 920 4751 circumspectis
942 4665 1040 4747 judici
1063 4676 1095 4725 et
1114 4663 1225 4745 juratis
1245 4660 1368 4722 civibus
1387 4657 1523 4719 civitatis

256 4795 363 4850 nostre
387 4779 506 4841 montis
523 4776 703 4855 Grecensis,
720 4775 856 4837 salutem
879 4786 910 4835 et
932 4771 1083 4853 graciam.
1109 4770 1232 4830 Rursus
1256 4765 1360 4826 delate
1385 4776 1458 4823 sunt
1482 4760 1521 4822 ad
