3472 5242
239 368 301 430 204
657 355 727 415 Doc.
754 354 823 432 164.
852 390 887 398 -
915 358 971 414 Aa.
998 369 1085 430 1520.

240 578 335 626 natus
363 565 491 626 divinus
515 567 618 627 cultus
641 566 874 628 diminueretur
897 579 952 628 aut
975 566 1122 629 deficeret
1145 568 1331 647 successive,
1355 569 1506 630 constitu-

241 671 325 732 imus
350 686 380 733 et
408 672 640 751 ordinavimus,
663 687 698 734 ut
721 673 829 735 nullus
852 692 890 734 ex
915 674 1077 735 canonicis
1099 675 1150 734 vel
1173 674 1352 754 dignitariis
1375 674 1506 736 ecclesie

240 791 345 838 nostre
381 777 595 859 zagrabiensis
619 794 674 840 aut
708 780 837 841 alterius
872 781 1102 861 cuiuscumque
1140 781 1206 840 sive
1239 781 1271 842 in
1306 799 1406 860 regno
1441 781 1507 841 sive

240 897 325 945 extra
350 904 486 965 regnum
511 884 665 967 prefatam
690 885 823 947 domum
847 906 920 947 cum
945 887 1049 947 missis
1073 887 1205 947 annexis
1235 901 1409 968 acceptare,
1434 905 1508 968 pos-

239 990 342 1051 sidere
366 1005 421 1052 aut
446 992 517 1052 usui
549 1011 608 1052 auo
640 993 755 1072 quovis
786 992 886 1054 modo
917 993 1017 1075 possit
1045 1005 1099 1053 aut
1130 993 1234 1054 valeat
1265 1012 1421 1074 occupare
1452 1012 1509 1074 per

239 1096 473 1177 cuiuscumque
497 1097 711 1159 donacionem
735 1117 790 1158 seu
815 1098 1037 1177 collacionem,
1067 1117 1165 1178 quam
1189 1098 1215 1159 si
1240 1097 1415 1178 aliquando
1432 1096 1507 1185 ’fieri

240 1203 449 1283 contingeret,
474 1202 636 1280 volumus,
662 1203 798 1265 dicimus
822 1218 853 1264 et
876 1204 1078 1265 decernimus
1106 1217 1215 1265 contra
1246 1204 1445 1265 voluntatem
1478 1217 1508 1265 et

240 1309 272 1369 in
297 1308 511 1389 preiudicium
546 1329 582 1370 ac
618 1310 768 1371 iniuriam
803 1322 945 1371 nostram
981 1310 1188 1391 capitularem
1224 1322 1254 1370 et
1285 1328 1505 1371 successorum

239 1429 421 1475 nostrorum
445 1435 481 1476 ex
505 1435 590 1476 nunc
615 1430 709 1497 prout
731 1436 768 1477 ex
792 1430 868 1477 tunc
903 1431 933 1477 et
957 1435 994 1475 ex
1019 1431 1094 1476 tunc
1125 1428 1220 1497 prout
1251 1435 1289 1476 ex
1321 1435 1406 1475 nunc
1440 1414 1507 1475 fore

241 1518 355 1581 factam
380 1534 411 1582 et
434 1534 664 1602 attemptatam,
689 1522 776 1602 quod
803 1524 834 1583 in
860 1536 1016 1602 quantum
1050 1521 1226 1602 poterimus
1250 1520 1435 1582 huiusmodi
1461 1521 1508 1581 in-

240 1625 354 1705 juriam
390 1626 427 1708 (si
452 1628 538 1689 etin
574 1641 730 1709 quantum
764 1629 857 1690 nobis
892 1642 922 1688 et
957 1628 1191 1688 successoribus
1222 1628 1337 1689 nostris
1371 1627 1508 1708 irrogata

240 1731 347 1814 fuerit)
371 1733 558 1815 propulsare
572 1735 722 1795 volumus
739 1748 770 1795 et
793 1734 1006 1808 intendimus;
1033 1734 1133 1794 immo
1157 1734 1182 1794 si
1201 1752 1259 1814 pro
1275 1746 1421 1814 tempore
1438 1752 1508 1814 pre-

217 1824 412 1900 bendarius
438 1839 555 1901 domus
586 1840 729 1921 predicte
762 1841 827 1901 suis
858 1840 1029 1900 virtutibus
1060 1853 1090 1899 et
1125 1840 1219 1900 laude
1251 1838 1356 1920 dignis
1390 1838 1511 1899 meritis

241 1944 442 2025 exigentibus
466 1945 505 2006 ad
539 1946 762 2007 canonicatum
787 1946 837 2007 vel
876 1964 1115 2026 quamcumque
1151 1945 1339 2026 dignitatern
1374 1945 1405 2009 iu
1443 1945 1510 2025 ipsa

242 2050 374 2111 ecclesia
398 2063 505 2112 nostra
529 2064 584 2112 aut
600 2051 678 2112 alias
694 2051 877 2132 promoveri
904 2051 1066 2128 meruerit,
1085 2062 1213 2112 extunc
1242 2063 1337 2131 prout
1352 2050 1508 2110 hactenus

243 2155 447 2218 laudabiliter
469 2171 629 2218 servatum
653 2156 712 2218 luit
736 2171 766 2218 et
790 2171 988 2236 consvetum,
1021 2175 1095 2218 mox
1129 2169 1160 2217 et
1192 2156 1278 2217 illico
1309 2155 1507 2237 prebendam

240 2263 340 2342 ipsam
369 2281 441 2323 cum
478 2263 609 2324 annexis
644 2276 675 2323 et
706 2263 803 2323 unitis
837 2263 896 2323 sibi
933 2262 1036 2322 missis
1069 2262 1242 2343 prenotatis
1277 2261 1409 2337 deserat,
1445 2280 1509 2340 que

241 2368 371 2429 taudem
396 2369 502 2429 statim
528 2368 567 2429 ad
592 2383 733 2430 nostram
765 2383 820 2428 aut
851 2387 1070 2428 successorum
1104 2382 1285 2428 nostrorum
1318 2366 1508 2426 devolvatur

242 2474 455 2535 collacionem
480 2490 632 2555 tanquam
657 2474 696 2534 ad
723 2493 815 2535 veros
839 2486 869 2533 et
893 2473 1067 2555 legittimos
1093 2486 1123 2533 et
1148 2473 1345 2534 indubitatos
1373 2473 1508 2553 preben-

242 2580 471 2641 bendariorum
496 2580 646 2641 dominos
670 2594 701 2640 et
723 2593 885 2661 patronos,
910 2579 1046 2640 racionis
1078 2580 1163 2639 enim
1196 2578 1276 2639 ordo
1308 2591 1339 2638 et
1370 2577 1509 2658 dignitas

240 2700 339 2747 status
368 2687 465 2766 exigit
489 2699 519 2747 et
551 2686 694 2766 requirit,
727 2705 766 2747 ne
799 2685 922 2746 domini
957 2685 1102 2746 canonici
1135 2703 1207 2745 cum
1239 2684 1304 2744 suis
1335 2682 1509 2766 capellanis

243 2791 394 2852 videlicet
417 2792 636 2873 prebendariis
660 2790 797 2852 habeant
826 2792 1028 2869 commercia,
1050 2791 1158 2872 eisque
1191 2790 1255 2851 sint
1285 2789 1446 2851 societatis
1477 2801 1508 2848 et

242 2896 406 2959 fidelitatis
438 2897 567 2958 vinculo
591 2896 726 2973 astricti3
751 2896 828 2958 alias
851 2911 958 2958 autem
983 2909 1144 2977 oporteret
1167 2895 1346 2977 prebendas
1370 2894 1508 2954 diminui

241 3003 272 3064 in
298 3003 398 3064 divini
423 3003 526 3065 cultus
550 3002 803 3064 diminucionem
820 3017 875 3063 aut
891 3003 1118 3064 canonicorum
1137 3000 1293 3083 prefatam
1310 2999 1507 3081 prebendam

241 3108 431 3191 occupandi,
456 3128 529 3169 cum
553 3108 772 3190 prebendariis
796 3122 828 3170 et
850 3127 916 3169 non
948 3127 1021 3168 cunr
1054 3108 1195 3189 capitulo
1219 3105 1459 3166 communicare
1478 3112 1510 3164 et

241 3215 402 3278 fidelitatis
426 3216 555 3276 vinculo
580 3214 721 3295 astringi.
738 3216 814 3292 (sic.)
830 3215 989 3274 Volumus
1014 3213 1115 3273 eciam
1140 3225 1170 3273 et
1195 3211 1393 3288 ordinamus,
1418 3209 1507 3290 quod

241 3323 333 3402 copia
357 3322 558 3402 presencium
585 3321 762 3381 litterarum
787 3333 967 3381 nostrarum
993 3339 1049 3400 per
1073 3318 1241 3378 dominum
1267 3316 1420 3377 lectorem
1438 3335 1508 3376 mo-

242 3427 377 3487 dernum
403 3426 442 3487 de
466 3428 565 3487 verbo
589 3426 629 3485 ad
653 3426 788 3486 verbum
820 3425 852 3486 in
878 3426 978 3486 rubeo
1003 3425 1095 3502 libra,
1128 3424 1181 3483 ubi
1214 3422 1318 3482 solent
1350 3421 1508 3482 conscribi

242 3532 419 3592 inventaria
455 3531 753 3612 prebendariorum,
782 3550 879 3610 penes
915 3530 1129 3590 inventarium
1165 3527 1309 3588 eiusdem
1345 3526 1508 3607 prebende

241 3648 513 3717 transumpmatur
538 3649 568 3696 et
592 3636 792 3696 inscribatur.
811 3636 845 3695 ln
863 3636 953 3696 cuius
970 3636 1015 3695 rei
1032 3635 1222 3695 memoriam
1240 3646 1271 3694 et
1287 3633 1508 3693 testimonium

243 3740 488 3820 firmitatemque
522 3754 708 3820 perpetuam
739 3741 939 3819 presentibus
963 3740 1104 3821 sigillum
1129 3753 1273 3800 nostrum
1297 3739 1508 3799 auttenticum

243 3847 392 3906 duximus
424 3844 677 3906 concedendum.
715 3845 831 3905 Datum
857 3843 934 3905 feria
971 3859 1081 3925 quarta
1114 3843 1258 3924 proxima
1290 3859 1361 3924 post
1392 3843 1508 3904 festum

243 3951 341 4011 sancti
355 3949 473 4010 Mathie
485 3949 633 4029 apostoli.
644 3955 739 4009 Anno
750 3948 873 4009 domini
883 3951 1055 4011 millesimo
1069 3950 1328 4029 quingentesimo
1340 3950 1509 4030 vigesimo,

773 4054 883 4115 Petrus
908 4054 946 4114 de
972 4055 1123 4136 Grangya
1148 4055 1247 4115 lector
1270 4066 1301 4114 et
1335 4056 1509 4116 canonicus

771 4158 903 4220 ecclesie
928 4160 1142 4239 zagrabiensis
1166 4160 1210 4219 sic
1234 4174 1267 4220 ut
1292 4158 1449 4241 prefertur
1467 4160 1508 4221 de

772 4264 924 4326 mandato
949 4266 1069 4346 scripsi.

349 4407 549 4472 Transumptum
571 4408 596 4457 in
617 4409 686 4461 arch.
704 4421 762 4457 ven.
785 4406 870 4469 Capit.
890 4409 994 4470 zagrab.
1009 4409 1067 4455 Act.
1084 4407 1146 4468 Cap.
1170 4413 1221 4455 ant.
1242 4405 1306 4457 lasc.
1324 4403 1380 4456 101.
1404 4420 1441 4457 nr.
1466 4405 1507 4456 19.
