<?xml version="1.0" encoding="UTF-8"?>
<!DOCTYPE html PUBLIC "-//W3C//DTD XHTML 1.0 Transitional//EN"
    "http://www.w3.org/TR/xhtml1/DTD/xhtml1-transitional.dtd">
<html xmlns="http://www.w3.org/1999/xhtml" xml:lang="en" lang="en">
 <head>
  <title>
</title>
<meta http-equiv="Content-Type" content="text/html;charset=utf-8" />
  <meta name='ocr-system' content='tesseract 3.04.00' />
  <meta name='ocr-capabilities' content='ocr_page ocr_carea ocr_par ocr_line ocrx_word'/>
</head>
<body>
  <div class='ocr_page' id='page_1' title='image "./monumentahistor12laszgoog_0209.png"; bbox 0 0 3472 5242; ppageno 0'>
   <div class='ocr_carea' id='block_1_1' title="bbox 230 324 1056 406">
    <p class='ocr_par' dir='ltr' id='par_1_1' title="bbox 230 324 1056 406">
     <span class='ocr_line' id='line_1_1' title="bbox 230 324 1056 406; baseline 0 -21"><span class='ocrx_word' id='word_1_1' title='bbox 230 324 271 406; x_wconf 91' lang='lat'>78</span> <span class='ocrx_word' id='word_1_2' title='bbox 672 327 745 384; x_wconf 81' lang='lat' dir='ltr'><em>Doc.</em></span> <span class='ocrx_word' id='word_1_3' title='bbox 764 337 813 403; x_wconf 72' lang='lat'>74.</span> <span class='ocrx_word' id='word_1_4' title='bbox 832 360 869 370; x_wconf 96' lang='lat'>-</span> <span class='ocrx_word' id='word_1_5' title='bbox 895 327 950 386; x_wconf 85' lang='lat' dir='ltr'>An.</span> <span class='ocrx_word' id='word_1_6' title='bbox 967 337 1056 401; x_wconf 79' lang='lat'><em>1510.</em></span> 
     </span>
    </p>
   </div>
   <div class='ocr_carea' id='block_1_2' title="bbox 231 549 1531 1055">
    <p class='ocr_par' dir='ltr' id='par_1_2' title="bbox 231 549 1531 1055">
     <span class='ocr_line' id='line_1_2' title="bbox 231 549 1496 635; baseline 0.002 -23"><span class='ocrx_word' id='word_1_7' title='bbox 231 549 446 633; x_wconf 86' lang='lat' dir='ltr'><strong>conspicimus</strong></span> <span class='ocrx_word' id='word_1_8' title='bbox 469 551 639 612; x_wconf 81' lang='lat' dir='ltr'>salubriter</span> <span class='ocrx_word' id='word_1_9' title='bbox 664 551 823 633; x_wconf 87' lang='lat' dir='ltr'>expedire.</span> <span class='ocrx_word' id='word_1_10' title='bbox 842 552 925 613; x_wconf 87' lang='lat' dir='ltr'>Sane</span> <span class='ocrx_word' id='word_1_11' title='bbox 949 573 1007 633; x_wconf 91' lang='lat' dir='ltr'>pro</span> <span class='ocrx_word' id='word_1_12' title='bbox 1032 567 1119 635; x_wconf 90' lang='lat' dir='ltr'>parte</span> <span class='ocrx_word' id='word_1_13' title='bbox 1144 552 1334 614; x_wconf 89' lang='lat' dir='ltr'>dilectorum</span> <span class='ocrx_word' id='word_1_14' title='bbox 1356 552 1496 615; x_wconf 90' lang='lat' dir='ltr'>filiorum</span> 
     </span>
     <span class='ocr_line' id='line_1_3' title="bbox 231 656 1496 741; baseline 0.002 -24"><span class='ocrx_word' id='word_1_15' title='bbox 231 657 383 739; x_wconf 87' lang='lat' dir='ltr'>prepositi</span> <span class='ocrx_word' id='word_1_16' title='bbox 408 672 438 718; x_wconf 90' lang='lat' dir='ltr'>et</span> <span class='ocrx_word' id='word_1_17' title='bbox 459 657 590 738; x_wconf 89' lang='lat' dir='ltr'>capituli</span> <span class='ocrx_word' id='word_1_18' title='bbox 612 657 743 719; x_wconf 85' lang='lat' dir='ltr'>ecclesie</span> <span class='ocrx_word' id='word_1_19' title='bbox 767 657 981 738; x_wconf 87' lang='lat' dir='ltr'>zagrabiensis</span> <span class='ocrx_word' id='word_1_20' title='bbox 996 677 1098 739; x_wconf 87' lang='lat' dir='ltr'>nuper</span> <span class='ocrx_word' id='word_1_21' title='bbox 1114 658 1207 719; x_wconf 93' lang='lat' dir='ltr'>nobis</span> <span class='ocrx_word' id='word_1_22' title='bbox 1223 656 1362 720; x_wconf 90' lang='lat' dir='ltr'>exhibita</span> <span class='ocrx_word' id='word_1_23' title='bbox 1378 659 1496 741; x_wconf 90' lang='lat' dir='ltr'>peticio</span> 
     </span>
     <span class='ocr_line' id='line_1_4' title="bbox 232 762 1497 845; baseline 0.001 -22"><span class='ocrx_word' id='word_1_24' title='bbox 232 763 426 840; x_wconf 90' lang='lat' dir='ltr'>continebat,</span> <span class='ocrx_word' id='word_1_25' title='bbox 451 763 539 844; x_wconf 92' lang='lat' dir='ltr'>quod</span> <span class='ocrx_word' id='word_1_26' title='bbox 565 762 639 824; x_wconf 89' lang='lat' dir='ltr'>licet</span> <span class='ocrx_word' id='word_1_27' title='bbox 662 763 694 823; x_wconf 96' lang='lat' dir='ltr'>in</span> <span class='ocrx_word' id='word_1_28' title='bbox 722 763 847 824; x_wconf 86' lang='lat' dir='ltr'>statutis</span> <span class='ocrx_word' id='word_1_29' title='bbox 870 776 901 823; x_wconf 92' lang='lat' dir='ltr'>et</span> <span class='ocrx_word' id='word_1_30' title='bbox 923 762 1207 825; x_wconf 90' lang='lat' dir='ltr'>consvetudinibus</span> <span class='ocrx_word' id='word_1_31' title='bbox 1231 763 1363 825; x_wconf 88' lang='lat' dir='ltr'>ecclesie</span> <span class='ocrx_word' id='word_1_32' title='bbox 1388 783 1497 845; x_wconf 88' lang='lat' dir='ltr'>zagra·</span> 
     </span>
     <span class='ocr_line' id='line_1_5' title="bbox 233 868 1497 950; baseline -0.001 -19"><span class='ocrx_word' id='word_1_33' title='bbox 233 868 352 931; x_wconf 92' lang='lat' dir='ltr'>biensis</span> <span class='ocrx_word' id='word_1_34' title='bbox 376 869 457 931; x_wconf 91' lang='lat' dir='ltr'>inter</span> <span class='ocrx_word' id='word_1_35' title='bbox 481 869 542 931; x_wconf 90' lang='lat' dir='ltr'>alia</span> <span class='ocrx_word' id='word_1_36' title='bbox 569 882 717 930; x_wconf 89' lang='lat' dir='ltr'>caveatur</span> <span class='ocrx_word' id='word_1_37' title='bbox 741 888 896 950; x_wconf 84' lang='lat' dir='ltr'>expresse,</span> <span class='ocrx_word' id='word_1_38' title='bbox 914 868 1002 950; x_wconf 91' lang='lat' dir='ltr'>quod</span> <span class='ocrx_word' id='word_1_39' title='bbox 1027 869 1172 930; x_wconf 92' lang='lat' dir='ltr'>canonici</span> <span class='ocrx_word' id='word_1_40' title='bbox 1197 869 1278 931; x_wconf 89' lang='lat' dir='ltr'>dicte</span> <span class='ocrx_word' id='word_1_41' title='bbox 1303 869 1435 931; x_wconf 89' lang='lat' dir='ltr'>ecclesie</span> <span class='ocrx_word' id='word_1_42' title='bbox 1457 871 1497 930; x_wconf 91' lang='lat' dir='ltr'>ab</span> 
     </span>
     <span class='ocr_line' id='line_1_6' title="bbox 233 974 1531 1055; baseline 0.002 -19"><span class='ocrx_word' id='word_1_43' title='bbox 233 975 288 1036; x_wconf 92' lang='lat' dir='ltr'>illa</span> <span class='ocrx_word' id='word_1_44' title='bbox 320 976 466 1037; x_wconf 83' lang='lat' dir='ltr'>absentes</span> <span class='ocrx_word' id='word_1_45' title='bbox 502 989 532 1036; x_wconf 93' lang='lat' dir='ltr'>et</span> <span class='ocrx_word' id='word_1_46' title='bbox 564 976 595 1037; x_wconf 92' lang='lat' dir='ltr'>in</span> <span class='ocrx_word' id='word_1_47' title='bbox 629 995 666 1036; x_wconf 92' lang='lat' dir='ltr'>ea</span> <span class='ocrx_word' id='word_1_48' title='bbox 699 995 763 1037; x_wconf 94' lang='lat' dir='ltr'>non</span> <span class='ocrx_word' id='word_1_49' title='bbox 804 975 1030 1055; x_wconf 85' lang='lat' dir='ltr'>deservientes,</span> <span class='ocrx_word' id='word_1_50' title='bbox 1061 974 1225 1054; x_wconf 83' lang='lat' dir='ltr'>fructibus,</span> <span class='ocrx_word' id='word_1_51' title='bbox 1257 975 1435 1039; x_wconf 90' lang='lat' dir='ltr'>redditibus</span> <span class='ocrx_word' id='word_1_52' title='bbox 1467 989 1498 1038; x_wconf 90' lang='lat' dir='ltr'>et</span> <span class='ocrx_word' id='word_1_53' title='bbox 1530 1021 1531 1024; x_wconf 63' lang='lat'>,</span> 
     </span>
    </p>
   </div>
   <div class='ocr_carea' id='block_1_3' title="bbox 235 1080 1592 1163">
    <p class='ocr_par' dir='ltr' id='par_1_3' title="bbox 235 1080 1592 1163">
     <span class='ocr_line' id='line_1_7' title="bbox 235 1080 1592 1163; baseline 0.001 -22"><span class='ocrx_word' id='word_1_54' title='bbox 235 1081 443 1163; x_wconf 88' lang='lat' dir='ltr'>proventibus</span> <span class='ocrx_word' id='word_1_55' title='bbox 466 1081 712 1142; x_wconf 85' lang='lat' dir='ltr'>canonicatuum</span> <span class='ocrx_word' id='word_1_56' title='bbox 734 1093 765 1142; x_wconf 90' lang='lat' dir='ltr'>et</span> <span class='ocrx_word' id='word_1_57' title='bbox 784 1080 1020 1162; x_wconf 88' lang='lat' dir='ltr'>prebendarum</span> <span class='ocrx_word' id='word_1_58' title='bbox 1043 1100 1099 1163; x_wconf 89' lang='lat' dir='ltr'>per</span> <span class='ocrx_word' id='word_1_59' title='bbox 1116 1101 1171 1142; x_wconf 90' lang='lat' dir='ltr'>eos</span> <span class='ocrx_word' id='word_1_60' title='bbox 1188 1081 1219 1142; x_wconf 94' lang='lat' dir='ltr'>in</span> <span class='ocrx_word' id='word_1_61' title='bbox 1237 1081 1348 1143; x_wconf 88' lang='lat' dir='ltr'>eadem</span> <span class='ocrx_word' id='word_1_62' title='bbox 1367 1081 1501 1142; x_wconf 89' lang='lat' dir='ltr'>ecclesia</span> <span class='ocrx_word' id='word_1_63' title='bbox 1577 1139 1592 1151; x_wconf 80' lang='grc'>,,</span> 
     </span>
    </p>
   </div>
   <div class='ocr_carea' id='block_1_4' title="bbox 236 1186 1506 2954">
    <p class='ocr_par' dir='ltr' id='par_1_4' title="bbox 236 1186 1506 2954">
     <span class='ocr_line' id='line_1_8' title="bbox 236 1186 1498 1265; baseline 0.002 -18"><span class='ocrx_word' id='word_1_64' title='bbox 236 1188 452 1265; x_wconf 90' lang='lat' dir='ltr'>obtentorum,</span> <span class='ocrx_word' id='word_1_65' title='bbox 477 1206 600 1263; x_wconf 82' lang='lat' dir='ltr'>carere3</span> <span class='ocrx_word' id='word_1_66' title='bbox 624 1200 655 1248; x_wconf 88' lang='lat' dir='ltr'>et</span> <span class='ocrx_word' id='word_1_67' title='bbox 686 1186 902 1249; x_wconf 90' lang='lat' dir='ltr'>archidiaconi</span> <span class='ocrx_word' id='word_1_68' title='bbox 931 1187 1014 1249; x_wconf 92' lang='lat' dir='ltr'>dicte</span> <span class='ocrx_word' id='word_1_69' title='bbox 1046 1187 1177 1248; x_wconf 85' lang='lat' dir='ltr'>ecclesie</span> <span class='ocrx_word' id='word_1_70' title='bbox 1209 1189 1336 1250; x_wconf 89' lang='lat' dir='ltr'>racione</span> <span class='ocrx_word' id='word_1_71' title='bbox 1367 1206 1498 1249; x_wconf 91' lang='lat' dir='ltr'>suorum</span> 
     </span>
     <span class='ocr_line' id='line_1_9' title="bbox 236 1292 1498 1375; baseline 0.001 -22"><span class='ocrx_word' id='word_1_72' title='bbox 236 1293 564 1371; x_wconf 79' lang='lat' dir='ltr'>archidiaconatuum,</span> <span class='ocrx_word' id='word_1_73' title='bbox 588 1293 644 1374; x_wconf 91' lang='lat' dir='ltr'>qui</span> <span class='ocrx_word' id='word_1_74' title='bbox 677 1294 708 1354; x_wconf 94' lang='lat' dir='ltr'>in</span> <span class='ocrx_word' id='word_1_75' title='bbox 741 1292 853 1353; x_wconf 90' lang='lat' dir='ltr'>eadem</span> <span class='ocrx_word' id='word_1_76' title='bbox 882 1293 1014 1355; x_wconf 89' lang='lat' dir='ltr'>ecclesia</span> <span class='ocrx_word' id='word_1_77' title='bbox 1038 1292 1208 1375; x_wconf 81' lang='lat' dir='ltr'>dignitates</span> <span class='ocrx_word' id='word_1_78' title='bbox 1232 1295 1380 1374; x_wconf 90' lang='lat' dir='ltr'>existunt,</span> <span class='ocrx_word' id='word_1_79' title='bbox 1404 1293 1498 1355; x_wconf 90' lang='lat' dir='ltr'>simul</span> 
     </span>
     <span class='ocr_line' id='line_1_10' title="bbox 238 1399 1500 1482; baseline 0.001 -23"><span class='ocrx_word' id='word_1_80' title='bbox 238 1418 311 1459; x_wconf 89' lang='lat' dir='ltr'>curn</span> <span class='ocrx_word' id='word_1_81' title='bbox 347 1417 404 1481; x_wconf 93' lang='lat' dir='ltr'>pro</span> <span class='ocrx_word' id='word_1_82' title='bbox 440 1411 584 1481; x_wconf 90' lang='lat' dir='ltr'>tempore</span> <span class='ocrx_word' id='word_1_83' title='bbox 616 1399 769 1460; x_wconf 85' lang='lat' dir='ltr'>existente</span> <span class='ocrx_word' id='word_1_84' title='bbox 803 1400 954 1480; x_wconf 89' lang='lat' dir='ltr'>episcopo</span> <span class='ocrx_word' id='word_1_85' title='bbox 987 1399 1194 1479; x_wconf 89' lang='lat' dir='ltr'>zagrabiensi,</span> <span class='ocrx_word' id='word_1_86' title='bbox 1226 1399 1258 1460; x_wconf 91' lang='lat' dir='ltr'>in</span> <span class='ocrx_word' id='word_1_87' title='bbox 1290 1400 1500 1482; x_wconf 90' lang='lat' dir='ltr'>percepcione</span> 
     </span>
     <span class='ocr_line' id='line_1_11' title="bbox 238 1504 1499 1586; baseline 0 -21"><span class='ocrx_word' id='word_1_88' title='bbox 238 1504 446 1583; x_wconf 90' lang='lat' dir='ltr'>decimarum,</span> <span class='ocrx_word' id='word_1_89' title='bbox 465 1505 572 1586; x_wconf 85' lang='lat' dir='ltr'>quoad</span> <span class='ocrx_word' id='word_1_90' title='bbox 599 1524 667 1566; x_wconf 90' lang='lat' dir='ltr'>eam</span> <span class='ocrx_word' id='word_1_91' title='bbox 693 1518 826 1586; x_wconf 90' lang='lat' dir='ltr'>partem,</span> <span class='ocrx_word' id='word_1_92' title='bbox 844 1524 906 1585; x_wconf 92' lang='lat' dir='ltr'>que</span> <span class='ocrx_word' id='word_1_93' title='bbox 931 1504 970 1565; x_wconf 88' lang='lat' dir='ltr'>ad</span> <span class='ocrx_word' id='word_1_94' title='bbox 996 1505 1080 1585; x_wconf 90' lang='lat' dir='ltr'>ipsos</span> <span class='ocrx_word' id='word_1_95' title='bbox 1100 1505 1342 1566; x_wconf 86' lang='lat' dir='ltr'>archidiaconos</span> <span class='ocrx_word' id='word_1_96' title='bbox 1359 1505 1499 1586; x_wconf 82' lang='lat' dir='ltr'>legitime</span> 
     </span>
     <span class='ocr_line' id='line_1_12' title="bbox 237 1609 1500 1691; baseline 0.001 -21"><span class='ocrx_word' id='word_1_97' title='bbox 237 1610 384 1691; x_wconf 89' lang='lat' dir='ltr'>pertinet,</span> <span class='ocrx_word' id='word_1_98' title='bbox 419 1609 606 1691; x_wconf 88' lang='lat' dir='ltr'>participare</span> <span class='ocrx_word' id='word_1_99' title='bbox 646 1609 801 1685; x_wconf 89' lang='lat' dir='ltr'>debeant;</span> <span class='ocrx_word' id='word_1_100' title='bbox 840 1623 947 1670; x_wconf 92' lang='lat' dir='ltr'>tamen</span> <span class='ocrx_word' id='word_1_101' title='bbox 987 1610 1061 1690; x_wconf 91' lang='lat' dir='ltr'>quia</span> <span class='ocrx_word' id='word_1_102' title='bbox 1101 1609 1184 1670; x_wconf 92' lang='lat' dir='ltr'>dicta</span> <span class='ocrx_word' id='word_1_103' title='bbox 1220 1623 1335 1671; x_wconf 89' lang='lat' dir='ltr'>statuta</span> <span class='ocrx_word' id='word_1_104' title='bbox 1372 1630 1389 1671; x_wconf 91' lang='lat' dir='ltr'>a</span> <span class='ocrx_word' id='word_1_105' title='bbox 1425 1609 1500 1671; x_wconf 90' lang='lat' dir='ltr'>sede</span> 
     </span>
     <span class='ocr_line' id='line_1_13' title="bbox 238 1715 1499 1798; baseline -0.002 -20"><span class='ocrx_word' id='word_1_106' title='bbox 238 1717 412 1798; x_wconf 88' lang='lat' dir='ltr'>apostolica</span> <span class='ocrx_word' id='word_1_107' title='bbox 437 1715 621 1778; x_wconf 88' lang='lat' dir='ltr'>confirmata</span> <span class='ocrx_word' id='word_1_108' title='bbox 645 1730 676 1778; x_wconf 92' lang='lat' dir='ltr'>et</span> <span class='ocrx_word' id='word_1_109' title='bbox 700 1736 781 1797; x_wconf 88' lang='lat' dir='ltr'>pena</span> <span class='ocrx_word' id='word_1_110' title='bbox 806 1716 913 1796; x_wconf 90' lang='lat' dir='ltr'>aliqua</span> <span class='ocrx_word' id='word_1_111' title='bbox 938 1715 1238 1776; x_wconf 85' lang='lat' dir='ltr'>contrafacientibus</span> <span class='ocrx_word' id='word_1_112' title='bbox 1266 1716 1410 1797; x_wconf 90' lang='lat' dir='ltr'>apposita</span> <span class='ocrx_word' id='word_1_113' title='bbox 1435 1735 1499 1776; x_wconf 96' lang='lat' dir='ltr'>non</span> 
     </span>
     <span class='ocr_line' id='line_1_14' title="bbox 239 1806 1501 1903; baseline -0.001 -21"><span class='ocrx_word' id='word_1_114' title='bbox 239 1821 386 1900; x_wconf 86' lang='lat' dir='ltr'>existunt,</span> <span class='ocrx_word' id='word_1_115' title='bbox 411 1822 517 1903; x_wconf 91' lang='lat' dir='ltr'>plures</span> <span class='ocrx_word' id='word_1_116' title='bbox 545 1842 582 1884; x_wconf 88' lang='lat' dir='ltr'>ex</span> <span class='ocrx_word' id='word_1_117' title='bbox 606 1823 768 1884; x_wconf 89' lang='lat' dir='ltr'>canonicis</span> <span class='ocrx_word' id='word_1_118' title='bbox 784 1822 866 1883; x_wconf 87' lang='lat' dir='ltr'>dicte</span> <span class='ocrx_word' id='word_1_119' title='bbox 884 1806 1015 1882; x_wconf 72' lang='lat' dir='ltr'>ecclesie</span> <span class='ocrx_word' id='word_1_120' title='bbox 1033 1834 1064 1883; x_wconf 92' lang='lat' dir='ltr'>et</span> <span class='ocrx_word' id='word_1_121' title='bbox 1082 1822 1178 1882; x_wconf 89' lang='lat' dir='ltr'>etiam</span> <span class='ocrx_word' id='word_1_122' title='bbox 1194 1820 1343 1882; x_wconf 91' lang='lat' dir='ltr'>nonnulli</span> <span class='ocrx_word' id='word_1_123' title='bbox 1360 1821 1501 1903; x_wconf 90' lang='lat' dir='ltr'>episcopi</span> 
     </span>
     <span class='ocr_line' id='line_1_15' title="bbox 240 1912 1501 2010; baseline 0.001 -23"><span class='ocrx_word' id='word_1_124' title='bbox 240 1927 472 2009; x_wconf 88' lang='lat' dir='ltr'>zagrabienses,</span> <span class='ocrx_word' id='word_1_125' title='bbox 497 1928 551 2008; x_wconf 91' lang='lat' dir='ltr'>qui</span> <span class='ocrx_word' id='word_1_126' title='bbox 584 1947 641 2010; x_wconf 91' lang='lat' dir='ltr'>pro</span> <span class='ocrx_word' id='word_1_127' title='bbox 665 1942 809 2009; x_wconf 90' lang='lat' dir='ltr'>tempore</span> <span class='ocrx_word' id='word_1_128' title='bbox 835 1926 962 2005; x_wconf 83' lang='lat' dir='ltr'>luerint,</span> <span class='ocrx_word' id='word_1_129' title='bbox 980 1912 1101 1989; x_wconf 47' lang='lat' dir='ltr'>&#39;statuta</span> <span class='ocrx_word' id='word_1_130' title='bbox 1122 1927 1308 1989; x_wconf 91' lang='lat' dir='ltr'>huiusmodi</span> <span class='ocrx_word' id='word_1_131' title='bbox 1332 1929 1501 1989; x_wconf 90' lang='lat' dir='ltr'>observare</span> 
     </span>
     <span class='ocr_line' id='line_1_16' title="bbox 240 2032 1502 2115; baseline 0 -22"><span class='ocrx_word' id='word_1_132' title='bbox 240 2053 304 2094; x_wconf 94' lang='lat' dir='ltr'>non</span> <span class='ocrx_word' id='word_1_133' title='bbox 337 2046 498 2111; x_wconf 87' lang='lat' dir='ltr'>curarunt,</span> <span class='ocrx_word' id='word_1_134' title='bbox 522 2047 616 2115; x_wconf 91' lang='lat' dir='ltr'>prout</span> <span class='ocrx_word' id='word_1_135' title='bbox 640 2035 741 2096; x_wconf 88' lang='lat' dir='ltr'>eciam</span> <span class='ocrx_word' id='word_1_136' title='bbox 765 2034 841 2094; x_wconf 89' lang='lat' dir='ltr'>certi</span> <span class='ocrx_word' id='word_1_137' title='bbox 866 2054 903 2094; x_wconf 88' lang='lat' dir='ltr'>ex</span> <span class='ocrx_word' id='word_1_138' title='bbox 926 2033 1050 2094; x_wconf 89' lang='lat' dir='ltr'>dilectis</span> <span class='ocrx_word' id='word_1_139' title='bbox 1074 2032 1147 2094; x_wconf 91' lang='lat' dir='ltr'>filiis</span> <span class='ocrx_word' id='word_1_140' title='bbox 1170 2033 1334 2095; x_wconf 91' lang='lat' dir='ltr'>modernis</span> <span class='ocrx_word' id='word_1_141' title='bbox 1358 2032 1502 2094; x_wconf 90' lang='lat' dir='ltr'>eiusdem</span> 
     </span>
     <span class='ocr_line' id='line_1_17' title="bbox 240 2138 1503 2221; baseline 0.001 -22"><span class='ocrx_word' id='word_1_142' title='bbox 240 2138 371 2199; x_wconf 87' lang='lat' dir='ltr'>ecclesie</span> <span class='ocrx_word' id='word_1_143' title='bbox 407 2138 569 2199; x_wconf 90' lang='lat' dir='ltr'>canonicis</span> <span class='ocrx_word' id='word_1_144' title='bbox 604 2159 641 2199; x_wconf 86' lang='lat' dir='ltr'>ea</span> <span class='ocrx_word' id='word_1_145' title='bbox 676 2140 844 2200; x_wconf 89' lang='lat' dir='ltr'>observare</span> <span class='ocrx_word' id='word_1_146' title='bbox 880 2159 946 2201; x_wconf 94' lang='lat' dir='ltr'>non</span> <span class='ocrx_word' id='word_1_147' title='bbox 977 2153 1098 2218; x_wconf 90' lang='lat' dir='ltr'>curant,</span> <span class='ocrx_word' id='word_1_148' title='bbox 1131 2140 1287 2221; x_wconf 90' lang='lat' dir='ltr'>quinymo</span> <span class='ocrx_word' id='word_1_149' title='bbox 1320 2141 1360 2200; x_wconf 92' lang='lat' dir='ltr'>ab</span> <span class='ocrx_word' id='word_1_150' title='bbox 1390 2139 1503 2201; x_wconf 91' lang='lat' dir='ltr'>eadem</span> 
     </span>
     <span class='ocr_line' id='line_1_18' title="bbox 241 2243 1503 2326; baseline 0.001 -21"><span class='ocrx_word' id='word_1_151' title='bbox 241 2244 372 2306; x_wconf 88' lang='lat' dir='ltr'>ecclesia</span> <span class='ocrx_word' id='word_1_152' title='bbox 396 2264 428 2304; x_wconf 92' lang='lat' dir='ltr'>se</span> <span class='ocrx_word' id='word_1_153' title='bbox 451 2245 619 2305; x_wconf 88' lang='lat' dir='ltr'>absentant</span> <span class='ocrx_word' id='word_1_154' title='bbox 643 2258 674 2306; x_wconf 92' lang='lat' dir='ltr'>et</span> <span class='ocrx_word' id='word_1_155' title='bbox 695 2243 786 2305; x_wconf 87' lang='lat' dir='ltr'>dictis</span> <span class='ocrx_word' id='word_1_156' title='bbox 807 2245 969 2326; x_wconf 91' lang='lat' dir='ltr'>preposito</span> <span class='ocrx_word' id='word_1_157' title='bbox 993 2259 1023 2305; x_wconf 92' lang='lat' dir='ltr'>et</span> <span class='ocrx_word' id='word_1_158' title='bbox 1047 2245 1187 2326; x_wconf 89' lang='lat' dir='ltr'>capitulo</span> <span class='ocrx_word' id='word_1_159' title='bbox 1204 2265 1298 2326; x_wconf 89' lang='lat' dir='ltr'>super</span> <span class='ocrx_word' id='word_1_160' title='bbox 1313 2245 1503 2326; x_wconf 91' lang='lat' dir='ltr'>assignanda</span> 
     </span>
     <span class='ocr_line' id='line_1_19' title="bbox 241 2347 1505 2432; baseline 0.001 -22"><span class='ocrx_word' id='word_1_161' title='bbox 241 2349 388 2431; x_wconf 92' lang='lat' dir='ltr'>portione</span> <span class='ocrx_word' id='word_1_162' title='bbox 412 2347 584 2426; x_wconf 85' lang='lat' dir='ltr'>fructuum,</span> <span class='ocrx_word' id='word_1_163' title='bbox 601 2350 784 2411; x_wconf 90' lang='lat' dir='ltr'>reddituum</span> <span class='ocrx_word' id='word_1_164' title='bbox 809 2364 839 2411; x_wconf 89' lang='lat' dir='ltr'>et</span> <span class='ocrx_word' id='word_1_165' title='bbox 863 2364 1078 2432; x_wconf 89' lang='lat' dir='ltr'>proventuum</span> <span class='ocrx_word' id='word_1_166' title='bbox 1101 2371 1156 2412; x_wconf 91' lang='lat' dir='ltr'>eus</span> <span class='ocrx_word' id='word_1_167' title='bbox 1176 2352 1220 2412; x_wconf 92' lang='lat' dir='ltr'>sic</span> <span class='ocrx_word' id='word_1_168' title='bbox 1237 2372 1254 2412; x_wconf 92' lang='lat' dir='ltr'>a</span> <span class='ocrx_word' id='word_1_169' title='bbox 1272 2351 1356 2412; x_wconf 90' lang='lat' dir='ltr'>dicta</span> <span class='ocrx_word' id='word_1_170' title='bbox 1372 2351 1505 2412; x_wconf 90' lang='lat' dir='ltr'>ecclesia</span> 
     </span>
     <span class='ocr_line' id='line_1_20' title="bbox 242 2454 1504 2538; baseline 0.001 -23"><span class='ocrx_word' id='word_1_171' title='bbox 242 2454 427 2516; x_wconf 88' lang='lat' dir='ltr'>absentibus</span> <span class='ocrx_word' id='word_1_172' title='bbox 450 2466 480 2515; x_wconf 91' lang='lat' dir='ltr'>et</span> <span class='ocrx_word' id='word_1_173' title='bbox 505 2455 536 2515; x_wconf 94' lang='lat' dir='ltr'>in</span> <span class='ocrx_word' id='word_1_174' title='bbox 561 2475 596 2515; x_wconf 92' lang='lat' dir='ltr'>ea</span> <span class='ocrx_word' id='word_1_175' title='bbox 617 2475 682 2516; x_wconf 92' lang='lat' dir='ltr'>non</span> <span class='ocrx_word' id='word_1_176' title='bbox 704 2454 955 2517; x_wconf 89' lang='lat' dir='ltr'>deservientibus</span> <span class='ocrx_word' id='word_1_177' title='bbox 976 2456 1061 2537; x_wconf 82' lang='lat' dir='ltr'>juxta</span> <span class='ocrx_word' id='word_1_178' title='bbox 1082 2470 1196 2518; x_wconf 88' lang='lat' dir='ltr'>statuta</span> <span class='ocrx_word' id='word_1_179' title='bbox 1214 2456 1354 2538; x_wconf 88' lang='lat' dir='ltr'>predicta</span> <span class='ocrx_word' id='word_1_180' title='bbox 1371 2457 1504 2517; x_wconf 90' lang='lat' dir='ltr'>minime</span> 
     </span>
     <span class='ocr_line' id='line_1_21' title="bbox 243 2559 1505 2642; baseline 0.001 -21"><span class='ocrx_word' id='word_1_181' title='bbox 243 2560 436 2638; x_wconf 88' lang='lat' dir='ltr'>debitorum,</span> <span class='ocrx_word' id='word_1_182' title='bbox 465 2560 572 2642; x_wconf 90' lang='lat' dir='ltr'>plures</span> <span class='ocrx_word' id='word_1_183' title='bbox 603 2560 766 2623; x_wconf 87' lang='lat' dir='ltr'>molestias</span> <span class='ocrx_word' id='word_1_184' title='bbox 797 2559 912 2623; x_wconf 81' lang='lat' dir='ltr'>inferre</span> <span class='ocrx_word' id='word_1_185' title='bbox 943 2582 1008 2623; x_wconf 92' lang='lat' dir='ltr'>non</span> <span class='ocrx_word' id='word_1_186' title='bbox 1046 2576 1184 2638; x_wconf 88' lang='lat' dir='ltr'>cessant;</span> <span class='ocrx_word' id='word_1_187' title='bbox 1217 2576 1249 2624; x_wconf 92' lang='lat' dir='ltr'>et</span> <span class='ocrx_word' id='word_1_188' title='bbox 1279 2562 1360 2624; x_wconf 89' lang='lat' dir='ltr'>sicut</span> <span class='ocrx_word' id='word_1_189' title='bbox 1393 2561 1505 2623; x_wconf 89' lang='lat' dir='ltr'>eadem</span> 
     </span>
     <span class='ocr_line' id='line_1_22' title="bbox 242 2664 1505 2749; baseline 0.002 -23"><span class='ocrx_word' id='word_1_190' title='bbox 242 2665 353 2748; x_wconf 90' lang='lat' dir='ltr'>petitio</span> <span class='ocrx_word' id='word_1_191' title='bbox 378 2664 600 2747; x_wconf 83' lang='lat' dir='ltr'>subjungebat,</span> <span class='ocrx_word' id='word_1_192' title='bbox 631 2667 656 2727; x_wconf 90' lang='lat' dir='ltr'>si</span> <span class='ocrx_word' id='word_1_193' title='bbox 689 2665 819 2746; x_wconf 83' lang='lat' dir='ltr'>fructus,</span> <span class='ocrx_word' id='word_1_194' title='bbox 853 2667 996 2728; x_wconf 92' lang='lat' dir='ltr'>redditus</span> <span class='ocrx_word' id='word_1_195' title='bbox 1031 2682 1062 2729; x_wconf 87' lang='lat' dir='ltr'>et</span> <span class='ocrx_word' id='word_1_196' title='bbox 1096 2680 1270 2749; x_wconf 89' lang='lat' dir='ltr'>proventus</span> <span class='ocrx_word' id='word_1_197' title='bbox 1294 2667 1428 2749; x_wconf 89' lang='lat' dir='ltr'>predicti</span> <span class='ocrx_word' id='word_1_198' title='bbox 1455 2687 1505 2729; x_wconf 90' lang='lat' dir='ltr'>ca·</span> 
     </span>
     <span class='ocr_line' id='line_1_23' title="bbox 244 2772 1503 2855; baseline 0.001 -23"><span class='ocrx_word' id='word_1_199' title='bbox 244 2772 368 2833; x_wconf 91' lang='lat' dir='ltr'>nonicis</span> <span class='ocrx_word' id='word_1_200' title='bbox 392 2772 474 2834; x_wconf 91' lang='lat' dir='ltr'>dicte</span> <span class='ocrx_word' id='word_1_201' title='bbox 500 2773 631 2834; x_wconf 90' lang='lat' dir='ltr'>ecclesie</span> <span class='ocrx_word' id='word_1_202' title='bbox 658 2775 698 2834; x_wconf 86' lang='lat' dir='ltr'>ab</span> <span class='ocrx_word' id='word_1_203' title='bbox 723 2793 759 2834; x_wconf 91' lang='lat' dir='ltr'>ea</span> <span class='ocrx_word' id='word_1_204' title='bbox 776 2773 961 2835; x_wconf 87' lang='lat' dir='ltr'>absentibus</span> <span class='ocrx_word' id='word_1_205' title='bbox 976 2773 1147 2834; x_wconf 90' lang='lat' dir='ltr'>ministrari</span> <span class='ocrx_word' id='word_1_206' title='bbox 1164 2773 1327 2852; x_wconf 88' lang='lat' dir='ltr'>deberent,</span> <span class='ocrx_word' id='word_1_207' title='bbox 1342 2772 1435 2855; x_wconf 91' lang='lat' dir='ltr'>pauci</span> <span class='ocrx_word' id='word_1_208' title='bbox 1452 2772 1503 2832; x_wconf 88' lang='lat' dir='ltr'>vel</span> 
     </span>
     <span class='ocr_line' id='line_1_24' title="bbox 246 2877 1506 2954; baseline -0.002 -13"><span class='ocrx_word' id='word_1_209' title='bbox 246 2878 326 2941; x_wconf 93' lang='lat' dir='ltr'>nulli</span> <span class='ocrx_word' id='word_1_210' title='bbox 350 2878 495 2939; x_wconf 90' lang='lat' dir='ltr'>canonici</span> <span class='ocrx_word' id='word_1_211' title='bbox 520 2879 551 2939; x_wconf 94' lang='lat' dir='ltr'>in</span> <span class='ocrx_word' id='word_1_212' title='bbox 577 2878 659 2940; x_wconf 91' lang='lat' dir='ltr'>dicta</span> <span class='ocrx_word' id='word_1_213' title='bbox 683 2879 816 2940; x_wconf 88' lang='lat' dir='ltr'>ecclesia</span> <span class='ocrx_word' id='word_1_214' title='bbox 840 2879 1030 2954; x_wconf 90' lang='lat' dir='ltr'>residerent;</span> <span class='ocrx_word' id='word_1_215' title='bbox 1055 2894 1085 2940; x_wconf 87' lang='lat' dir='ltr'>et</span> <span class='ocrx_word' id='word_1_216' title='bbox 1106 2879 1252 2941; x_wconf 89' lang='lat' dir='ltr'>similiter</span> <span class='ocrx_word' id='word_1_217' title='bbox 1272 2879 1297 2939; x_wconf 91' lang='lat' dir='ltr'>si</span> <span class='ocrx_word' id='word_1_218' title='bbox 1314 2878 1388 2941; x_wconf 88' lang='lat' dir='ltr'>dicti</span> <span class='ocrx_word' id='word_1_219' title='bbox 1406 2877 1506 2939; x_wconf 91' lang='lat' dir='ltr'>archi·</span> 
     </span>
    </p>
   </div>
   <div class='ocr_carea' id='block_1_5' title="bbox 244 2983 1601 3066">
    <p class='ocr_par' dir='ltr' id='par_1_5' title="bbox 244 2983 1601 3066">
     <span class='ocr_line' id='line_1_25' title="bbox 244 2983 1601 3066; baseline -0.001 -21"><span class='ocrx_word' id='word_1_220' title='bbox 244 2984 371 3046; x_wconf 89' lang='lat' dir='ltr'>diaconi</span> <span class='ocrx_word' id='word_1_221' title='bbox 394 2984 543 3065; x_wconf 90' lang='lat' dir='ltr'>portione</span> <span class='ocrx_word' id='word_1_222' title='bbox 571 2984 778 3061; x_wconf 88' lang='lat' dir='ltr'>decimarum,</span> <span class='ocrx_word' id='word_1_223' title='bbox 802 3005 857 3047; x_wconf 92' lang='lat' dir='ltr'>eos</span> <span class='ocrx_word' id='word_1_224' title='bbox 882 2985 1056 3066; x_wconf 88' lang='lat' dir='ltr'>respective</span> <span class='ocrx_word' id='word_1_225' title='bbox 1081 2985 1297 3066; x_wconf 83' lang='lat' dir='ltr'>contingente,</span> <span class='ocrx_word' id='word_1_226' title='bbox 1319 2983 1505 3046; x_wconf 91' lang='lat' dir='ltr'>huiusmodi</span> <span class='ocrx_word' id='word_1_227' title='bbox 1598 3003 1601 3009; x_wconf 74' lang='grc'>’</span> 
     </span>
    </p>
   </div>
   <div class='ocr_carea' id='block_1_6' title="bbox 245 3088 1516 4866">
    <p class='ocr_par' dir='ltr' id='par_1_6' title="bbox 245 3088 1516 4866">
     <span class='ocr_line' id='line_1_26' title="bbox 245 3088 1508 3172; baseline -0.002 -22"><span class='ocrx_word' id='word_1_228' title='bbox 245 3090 454 3172; x_wconf 90' lang='lat' dir='ltr'>privarentur,</span> <span class='ocrx_word' id='word_1_229' title='bbox 480 3088 607 3151; x_wconf 89' lang='lat' dir='ltr'>divinus</span> <span class='ocrx_word' id='word_1_230' title='bbox 639 3090 742 3151; x_wconf 90' lang='lat' dir='ltr'>cultus</span> <span class='ocrx_word' id='word_1_231' title='bbox 769 3091 801 3150; x_wconf 92' lang='lat' dir='ltr'>in</span> <span class='ocrx_word' id='word_1_232' title='bbox 827 3092 940 3152; x_wconf 91' lang='lat' dir='ltr'>eadem</span> <span class='ocrx_word' id='word_1_233' title='bbox 963 3090 1098 3152; x_wconf 90' lang='lat' dir='ltr'>ecclesia</span> <span class='ocrx_word' id='word_1_234' title='bbox 1123 3090 1310 3171; x_wconf 90' lang='lat' dir='ltr'>quotidiana</span> <span class='ocrx_word' id='word_1_235' title='bbox 1336 3091 1508 3152; x_wconf 89' lang='lat' dir='ltr'>incurreret</span> 
     </span>
     <span class='ocr_line' id='line_1_27' title="bbox 246 3182 1508 3279; baseline -0.001 -21"><span class='ocrx_word' id='word_1_236' title='bbox 246 3196 445 3258; x_wconf 87' lang='lat' dir='ltr'>detrimenta.</span> <span class='ocrx_word' id='word_1_237' title='bbox 470 3196 578 3269; x_wconf 89' lang='lat' dir='ltr'>Quare</span> <span class='ocrx_word' id='word_1_238' title='bbox 601 3215 660 3278; x_wconf 93' lang='lat' dir='ltr'>pro</span> <span class='ocrx_word' id='word_1_239' title='bbox 684 3208 771 3278; x_wconf 92' lang='lat' dir='ltr'>parte</span> <span class='ocrx_word' id='word_1_240' title='bbox 795 3210 860 3257; x_wconf 90' lang='lat' dir='ltr'>tarn</span> <span class='ocrx_word' id='word_1_241' title='bbox 887 3197 1040 3279; x_wconf 91' lang='lat' dir='ltr'>prepositi</span> <span class='ocrx_word' id='word_1_242' title='bbox 1073 3210 1104 3257; x_wconf 90' lang='lat' dir='ltr'>et</span> <span class='ocrx_word' id='word_1_243' title='bbox 1127 3196 1257 3278; x_wconf 88' lang='lat' dir='ltr'>capituli</span> <span class='ocrx_word' id='word_1_244' title='bbox 1281 3182 1508 3278; x_wconf 87' lang='lat' dir='ltr'>predictorum,</span> 
     </span>
     <span class='ocr_line' id='line_1_28' title="bbox 246 3301 1510 3385; baseline -0.002 -21"><span class='ocrx_word' id='word_1_245' title='bbox 246 3322 343 3383; x_wconf 87' lang='lat' dir='ltr'>quarn</span> <span class='ocrx_word' id='word_1_246' title='bbox 367 3302 558 3364; x_wconf 90' lang='lat' dir='ltr'>venerabilis</span> <span class='ocrx_word' id='word_1_247' title='bbox 582 3301 685 3363; x_wconf 85' lang='lat' dir='ltr'>fratris</span> <span class='ocrx_word' id='word_1_248' title='bbox 709 3303 805 3364; x_wconf 90' lang='lat' dir='ltr'>nostri</span> <span class='ocrx_word' id='word_1_249' title='bbox 832 3303 977 3365; x_wconf 91' lang='lat' dir='ltr'>moderni</span> <span class='ocrx_word' id='word_1_250' title='bbox 1003 3303 1143 3385; x_wconf 91' lang='lat' dir='ltr'>episcopi</span> <span class='ocrx_word' id='word_1_251' title='bbox 1169 3304 1392 3384; x_wconf 87' lang='lat' dir='ltr'>zagrabiensis,</span> <span class='ocrx_word' id='word_1_252' title='bbox 1416 3303 1510 3365; x_wconf 89' lang='lat' dir='ltr'>nobis</span> 
     </span>
     <span class='ocr_line' id='line_1_29' title="bbox 248 3407 1509 3491; baseline 0.001 -23"><span class='ocrx_word' id='word_1_253' title='bbox 248 3408 307 3470; x_wconf 86' lang='lat' dir='ltr'>fuit</span> <span class='ocrx_word' id='word_1_254' title='bbox 339 3407 503 3470; x_wconf 92' lang='lat' dir='ltr'>humiliter</span> <span class='ocrx_word' id='word_1_255' title='bbox 533 3409 758 3491; x_wconf 87' lang='lat' dir='ltr'>supplicatum,</span> <span class='ocrx_word' id='word_1_256' title='bbox 783 3423 817 3470; x_wconf 91' lang='lat' dir='ltr'>ut</span> <span class='ocrx_word' id='word_1_257' title='bbox 847 3410 970 3471; x_wconf 87' lang='lat' dir='ltr'>statutis</span> <span class='ocrx_word' id='word_1_258' title='bbox 999 3410 1147 3491; x_wconf 80' lang='lat' dir='ltr'>predictis</span> <span class='ocrx_word' id='word_1_259' title='bbox 1171 3429 1228 3490; x_wconf 91' lang='lat' dir='ltr'>pro</span> <span class='ocrx_word' id='word_1_260' title='bbox 1254 3410 1383 3471; x_wconf 90' lang='lat' dir='ltr'>illorum</span> <span class='ocrx_word' id='word_1_261' title='bbox 1408 3409 1509 3471; x_wconf 91' lang='lat' dir='ltr'>subsi-</span> 
     </span>
     <span class='ocr_line' id='line_1_30' title="bbox 247 3513 1508 3596; baseline -0.001 -21"><span class='ocrx_word' id='word_1_262' title='bbox 247 3515 360 3576; x_wconf 89' lang='lat' dir='ltr'>stentia</span> <span class='ocrx_word' id='word_1_263' title='bbox 384 3513 527 3593; x_wconf 91' lang='lat' dir='ltr'>firmiori,</span> <span class='ocrx_word' id='word_1_264' title='bbox 547 3515 645 3575; x_wconf 92' lang='lat' dir='ltr'>robur</span> <span class='ocrx_word' id='word_1_265' title='bbox 668 3515 841 3595; x_wconf 87' lang='lat' dir='ltr'>apostolice</span> <span class='ocrx_word' id='word_1_266' title='bbox 866 3515 1116 3577; x_wconf 88' lang='lat' dir='ltr'>confirmationis</span> <span class='ocrx_word' id='word_1_267' title='bbox 1140 3515 1288 3594; x_wconf 90' lang='lat' dir='ltr'>adiicere,</span> <span class='ocrx_word' id='word_1_268' title='bbox 1310 3515 1452 3596; x_wconf 84' lang='lat' dir='ltr'>aliasque</span> <span class='ocrx_word' id='word_1_269' title='bbox 1476 3514 1508 3574; x_wconf 89' lang='lat' dir='ltr'>in</span> 
     </span>
     <span class='ocr_line' id='line_1_31' title="bbox 248 3620 1509 3703; baseline 0 -22"><span class='ocrx_word' id='word_1_270' title='bbox 248 3620 408 3702; x_wconf 88' lang='lat' dir='ltr'>premissis</span> <span class='ocrx_word' id='word_1_271' title='bbox 432 3634 588 3702; x_wconf 88' lang='lat' dir='ltr'>oportune</span> <span class='ocrx_word' id='word_1_272' title='bbox 615 3620 782 3701; x_wconf 88' lang='lat' dir='ltr'>providere</span> <span class='ocrx_word' id='word_1_273' title='bbox 813 3621 852 3683; x_wconf 91' lang='lat' dir='ltr'>de</span> <span class='ocrx_word' id='word_1_274' title='bbox 880 3622 1076 3702; x_wconf 88' lang='lat' dir='ltr'>benignitate</span> <span class='ocrx_word' id='word_1_275' title='bbox 1096 3621 1270 3703; x_wconf 90' lang='lat' dir='ltr'>apostolica</span> <span class='ocrx_word' id='word_1_276' title='bbox 1293 3621 1509 3700; x_wconf 87' lang='lat' dir='ltr'>dignaremur.</span> 
     </span>
     <span class='ocr_line' id='line_1_32' title="bbox 249 3726 1512 3807; baseline -0.002 -20"><span class='ocrx_word' id='word_1_277' title='bbox 249 3727 316 3787; x_wconf 92' lang='lat' dir='ltr'>Nos</span> <span class='ocrx_word' id='word_1_278' title='bbox 347 3726 441 3807; x_wconf 89' lang='lat' dir='ltr'>igitur</span> <span class='ocrx_word' id='word_1_279' title='bbox 472 3727 670 3807; x_wconf 89' lang='lat' dir='ltr'>episcopum,</span> <span class='ocrx_word' id='word_1_280' title='bbox 696 3726 890 3806; x_wconf 86' lang='lat' dir='ltr'>prepositum</span> <span class='ocrx_word' id='word_1_281' title='bbox 921 3740 951 3786; x_wconf 87' lang='lat' dir='ltr'>et</span> <span class='ocrx_word' id='word_1_282' title='bbox 982 3726 1157 3807; x_wconf 90' lang='lat' dir='ltr'>capitulum</span> <span class='ocrx_word' id='word_1_283' title='bbox 1182 3726 1330 3807; x_wconf 87' lang='lat' dir='ltr'>prefatos,</span> <span class='ocrx_word' id='word_1_284' title='bbox 1354 3746 1389 3787; x_wconf 89' lang='lat' dir='ltr'>ac</span> <span class='ocrx_word' id='word_1_285' title='bbox 1413 3726 1512 3807; x_wconf 90' lang='lat' dir='ltr'>ipsius</span> 
     </span>
     <span class='ocr_line' id='line_1_33' title="bbox 250 3831 1511 3913; baseline -0.002 -20"><span class='ocrx_word' id='word_1_286' title='bbox 250 3832 379 3913; x_wconf 87' lang='lat' dir='ltr'>capituli</span> <span class='ocrx_word' id='word_1_287' title='bbox 414 3831 591 3912; x_wconf 87' lang='lat' dir='ltr'>singulares</span> <span class='ocrx_word' id='word_1_288' title='bbox 626 3850 777 3912; x_wconf 90' lang='lat' dir='ltr'>personas</span> <span class='ocrx_word' id='word_1_289' title='bbox 811 3851 828 3891; x_wconf 88' lang='lat' dir='ltr'>a</span> <span class='ocrx_word' id='word_1_290' title='bbox 860 3832 1026 3911; x_wconf 88' lang='lat' dir='ltr'>quibusvis</span> <span class='ocrx_word' id='word_1_291' title='bbox 1061 3833 1411 3911; x_wconf 82' lang='lat' dir='ltr'>excommunicationis,</span> <span class='ocrx_word' id='word_1_292' title='bbox 1444 3851 1511 3892; x_wconf 92' lang='lat' dir='ltr'>sus·</span> 
     </span>
     <span class='ocr_line' id='line_1_34' title="bbox 250 3937 1512 4021; baseline 0 -22"><span class='ocrx_word' id='word_1_293' title='bbox 250 3938 413 4021; x_wconf 88' lang='lat' dir='ltr'>pensionis</span> <span class='ocrx_word' id='word_1_294' title='bbox 443 3951 474 3998; x_wconf 90' lang='lat' dir='ltr'>et</span> <span class='ocrx_word' id='word_1_295' title='bbox 505 3937 673 4013; x_wconf 90' lang='lat' dir='ltr'>interdicti,</span> <span class='ocrx_word' id='word_1_296' title='bbox 706 3937 839 4016; x_wconf 88' lang='lat' dir='ltr'>aliisque</span> <span class='ocrx_word' id='word_1_297' title='bbox 872 3937 1090 3998; x_wconf 89' lang='lat' dir='ltr'>ecclesiasticis</span> <span class='ocrx_word' id='word_1_298' title='bbox 1116 3938 1290 4016; x_wconf 91' lang='lat' dir='ltr'>sententiis,</span> <span class='ocrx_word' id='word_1_299' title='bbox 1316 3938 1457 3999; x_wconf 89' lang='lat' dir='ltr'>censuris</span> <span class='ocrx_word' id='word_1_300' title='bbox 1482 3949 1512 3998; x_wconf 88' lang='lat' dir='ltr'>et</span> 
     </span>
     <span class='ocr_line' id='line_1_35' title="bbox 251 4042 1513 4127; baseline -0.002 -21"><span class='ocrx_word' id='word_1_301' title='bbox 251 4045 351 4127; x_wconf 90' lang='lat' dir='ltr'>penis,</span> <span class='ocrx_word' id='word_1_302' title='bbox 368 4065 384 4105; x_wconf 93' lang='lat' dir='ltr'>a</span> <span class='ocrx_word' id='word_1_303' title='bbox 409 4044 476 4124; x_wconf 87' lang='lat' dir='ltr'>jure</span> <span class='ocrx_word' id='word_1_304' title='bbox 494 4044 544 4103; x_wconf 83' lang='lat' dir='ltr'>vel</span> <span class='ocrx_word' id='word_1_305' title='bbox 561 4043 600 4102; x_wconf 90' lang='lat' dir='ltr'>ab</span> <span class='ocrx_word' id='word_1_306' title='bbox 617 4042 747 4102; x_wconf 89' lang='lat' dir='ltr'>homine</span> <span class='ocrx_word' id='word_1_307' title='bbox 765 4043 876 4122; x_wconf 91' lang='lat' dir='ltr'>quavis</span> <span class='ocrx_word' id='word_1_308' title='bbox 894 4043 1060 4104; x_wconf 89' lang='lat' dir='ltr'>occasione</span> <span class='ocrx_word' id='word_1_309' title='bbox 1077 4044 1128 4105; x_wconf 91' lang='lat' dir='ltr'>vel</span> <span class='ocrx_word' id='word_1_310' title='bbox 1145 4064 1238 4105; x_wconf 88' lang='lat' dir='ltr'>causa</span> <span class='ocrx_word' id='word_1_311' title='bbox 1256 4045 1336 4123; x_wconf 88' lang='lat' dir='ltr'>latis,</span> <span class='ocrx_word' id='word_1_312' title='bbox 1353 4045 1377 4104; x_wconf 89' lang='lat' dir='ltr'>si</span> <span class='ocrx_word' id='word_1_313' title='bbox 1396 4045 1513 4125; x_wconf 91' lang='lat' dir='ltr'>quibus</span> 
     </span>
     <span class='ocr_line' id='line_1_36' title="bbox 251 4147 1513 4231; baseline -0.001 -20"><span class='ocrx_word' id='word_1_314' title='bbox 251 4150 497 4231; x_wconf 84' lang='lat' dir='ltr'>quomodolibet</span> <span class='ocrx_word' id='word_1_315' title='bbox 529 4147 672 4208; x_wconf 91' lang='lat' dir='ltr'>innodati</span> <span class='ocrx_word' id='word_1_316' title='bbox 706 4148 852 4226; x_wconf 86' lang='lat' dir='ltr'>existunt,</span> <span class='ocrx_word' id='word_1_317' title='bbox 877 4148 917 4209; x_wconf 93' lang='lat' dir='ltr'>ad</span> <span class='ocrx_word' id='word_1_318' title='bbox 949 4147 1095 4210; x_wconf 79' lang='lat' dir='ltr'>ellectum</span> <span class='ocrx_word' id='word_1_319' title='bbox 1129 4150 1324 4231; x_wconf 89' lang='lat' dir='ltr'>presentium</span> <span class='ocrx_word' id='word_1_320' title='bbox 1349 4150 1513 4211; x_wconf 88' lang='lat' dir='ltr'>dumtaxat</span> 
     </span>
     <span class='ocr_line' id='line_1_37' title="bbox 252 4252 1513 4336; baseline 0 -20"><span class='ocrx_word' id='word_1_321' title='bbox 252 4255 526 4336; x_wconf 89' lang='lat' dir='ltr'>consequendum,</span> <span class='ocrx_word' id='word_1_322' title='bbox 544 4252 655 4313; x_wconf 89' lang='lat' dir='ltr'>harum</span> <span class='ocrx_word' id='word_1_323' title='bbox 679 4253 759 4314; x_wconf 80' lang='lat' dir='ltr'>sede</span> <span class='ocrx_word' id='word_1_324' title='bbox 780 4254 982 4316; x_wconf 86' lang='lat' dir='ltr'>absolventes</span> <span class='ocrx_word' id='word_1_325' title='bbox 999 4270 1030 4317; x_wconf 91' lang='lat' dir='ltr'>et</span> <span class='ocrx_word' id='word_1_326' title='bbox 1052 4256 1235 4317; x_wconf 92' lang='lat' dir='ltr'>absolutum</span> <span class='ocrx_word' id='word_1_327' title='bbox 1253 4254 1321 4317; x_wconf 83' lang='lat' dir='ltr'>lore</span> <span class='ocrx_word' id='word_1_328' title='bbox 1339 4269 1513 4333; x_wconf 90' lang='lat' dir='ltr'>censentes,</span> 
     </span>
     <span class='ocr_line' id='line_1_38' title="bbox 252 4357 1513 4442; baseline 0 -21"><span class='ocrx_word' id='word_1_329' title='bbox 252 4360 435 4421; x_wconf 90' lang='lat' dir='ltr'>huiusmodi</span> <span class='ocrx_word' id='word_1_330' title='bbox 477 4357 763 4439; x_wconf 89' lang='lat' dir='ltr'>supplicationibus</span> <span class='ocrx_word' id='word_1_331' title='bbox 801 4358 955 4439; x_wconf 90' lang='lat' dir='ltr'>inclinati,</span> <span class='ocrx_word' id='word_1_332' title='bbox 995 4374 1108 4422; x_wconf 91' lang='lat' dir='ltr'>statuta</span> <span class='ocrx_word' id='word_1_333' title='bbox 1148 4361 1288 4442; x_wconf 88' lang='lat' dir='ltr'>predicta</span> <span class='ocrx_word' id='word_1_334' title='bbox 1327 4362 1513 4423; x_wconf 88' lang='lat' dir='ltr'>auctoritate</span> 
     </span>
     <span class='ocr_line' id='line_1_39' title="bbox 253 4464 1513 4559; baseline 0.001 -32"><span class='ocrx_word' id='word_1_335' title='bbox 253 4466 428 4549; x_wconf 90' lang='lat' dir='ltr'>apostolica</span> <span class='ocrx_word' id='word_1_336' title='bbox 466 4478 576 4525; x_wconf 88' lang='lat' dir='ltr'>tenore</span> <span class='ocrx_word' id='word_1_337' title='bbox 618 4464 812 4545; x_wconf 89' lang='lat' dir='ltr'>presentium</span> <span class='ocrx_word' id='word_1_338' title='bbox 866 4465 1093 4528; x_wconf 89' lang='lat' dir='ltr'>confirmamus</span> <span class='ocrx_word' id='word_1_339' title='bbox 1144 4480 1175 4527; x_wconf 90' lang='lat' dir='ltr'>et</span> <span class='ocrx_word' id='word_1_340' title='bbox 1213 4469 1439 4549; x_wconf 89' lang='lat' dir='ltr'>approbamus,</span> <span class='ocrx_word' id='word_1_341' title='bbox 1477 4487 1513 4559; x_wconf 67' lang='lat' dir='ltr'>ac</span> 
     </span>
     <span class='ocr_line' id='line_1_40' title="bbox 253 4569 1515 4654; baseline 0.001 -21"><span class='ocrx_word' id='word_1_342' title='bbox 253 4585 405 4654; x_wconf 90' lang='lat' dir='ltr'>perpetue</span> <span class='ocrx_word' id='word_1_343' title='bbox 441 4569 597 4631; x_wconf 89' lang='lat' dir='ltr'>firmitatis</span> <span class='ocrx_word' id='word_1_344' title='bbox 634 4571 731 4631; x_wconf 91' lang='lat' dir='ltr'>robur</span> <span class='ocrx_word' id='word_1_345' title='bbox 766 4571 921 4650; x_wconf 90' lang='lat' dir='ltr'>obtinere,</span> <span class='ocrx_word' id='word_1_346' title='bbox 945 4592 1046 4652; x_wconf 84' lang='lat' dir='ltr'>eaque</span> <span class='ocrx_word' id='word_1_347' title='bbox 1083 4574 1141 4633; x_wconf 91' lang='lat' dir='ltr'>sub</span> <span class='ocrx_word' id='word_1_348' title='bbox 1174 4573 1515 4635; x_wconf 86' lang='lat' dir='ltr'>excommunicationis</span> 
     </span>
     <span class='ocr_line' id='line_1_41' title="bbox 254 4674 1516 4762; baseline 0 -23"><span class='ocrx_word' id='word_1_349' title='bbox 254 4678 385 4739; x_wconf 89' lang='lat' dir='ltr'>maioris</span> <span class='ocrx_word' id='word_1_350' title='bbox 427 4696 464 4738; x_wconf 89' lang='lat' dir='ltr'>ac</span> <span class='ocrx_word' id='word_1_351' title='bbox 505 4674 576 4737; x_wconf 91' lang='lat' dir='ltr'>aliis</span> <span class='ocrx_word' id='word_1_352' title='bbox 613 4676 833 4738; x_wconf 90' lang='lat' dir='ltr'>ecclesiasticis</span> <span class='ocrx_word' id='word_1_353' title='bbox 871 4678 1045 4756; x_wconf 89' lang='lat' dir='ltr'>sententiis,</span> <span class='ocrx_word' id='word_1_354' title='bbox 1086 4679 1226 4739; x_wconf 92' lang='lat' dir='ltr'>censuris</span> <span class='ocrx_word' id='word_1_355' title='bbox 1262 4693 1293 4741; x_wconf 88' lang='lat' dir='ltr'>et</span> <span class='ocrx_word' id='word_1_356' title='bbox 1330 4680 1421 4762; x_wconf 90' lang='lat' dir='ltr'>penis</span> <span class='ocrx_word' id='word_1_357' title='bbox 1459 4698 1516 4762; x_wconf 88' lang='lat' dir='ltr'>per</span> 
     </span>
     <span class='ocr_line' id='line_1_42' title="bbox 255 4781 1515 4866; baseline 0 -20"><span class='ocrx_word' id='word_1_358' title='bbox 255 4804 321 4862; x_wconf 90' lang='lat' dir='ltr'>eos,</span> <span class='ocrx_word' id='word_1_359' title='bbox 353 4784 407 4863; x_wconf 92' lang='lat' dir='ltr'>qui</span> <span class='ocrx_word' id='word_1_360' title='bbox 439 4781 691 4863; x_wconf 83' lang='lat' dir='ltr'>contrafecerint,</span> <span class='ocrx_word' id='word_1_361' title='bbox 723 4784 954 4865; x_wconf 87' lang='lat' dir='ltr'>cuiuscumque</span> <span class='ocrx_word' id='word_1_362' title='bbox 985 4784 1158 4864; x_wconf 87' lang='lat' dir='ltr'>dignitatis,</span> <span class='ocrx_word' id='word_1_363' title='bbox 1182 4798 1291 4865; x_wconf 89' lang='lat' dir='ltr'>status,</span> <span class='ocrx_word' id='word_1_364' title='bbox 1313 4785 1431 4866; x_wconf 90' lang='lat' dir='ltr'>gradus</span> <span class='ocrx_word' id='word_1_365' title='bbox 1464 4785 1515 4846; x_wconf 89' lang='lat' dir='ltr'>vel</span> 
     </span>
    </p>
   </div>
   <div class='ocr_carea' id='block_1_7' title="bbox 0 0 1767 5242">
    <p class='ocr_par' dir='ltr' id='par_1_7' title="bbox 0 0 1767 5242">
     <span class='ocr_line' id='line_1_43' title="bbox 0 0 1767 5242; baseline 0 0"><span class='ocrx_word' id='word_1_366' title='bbox 0 0 1767 5242; x_wconf 95' lang='lat' dir='ltr'> </span> 
     </span>
    </p>
   </div>
  </div>
 </body>
</html>
