3472 5242
233 332 296 395 218
651 337 728 400 Doc.
748 347 816 413 171.
842 370 882 408 .-
907 338 967 402 An.
991 349 1077 414 1521.

233 576 358 626 nostros
383 564 415 625 in
439 581 551 624 eorum
575 562 698 644 juribus
731 578 897 646 protegere
922 579 952 627 et
975 579 1084 628 contra
1117 566 1282 628 universos
1314 566 1500 648 illegitimos

233 669 430 752 impetitores
453 682 662 732 manutenere
685 689 722 732 ac
746 669 911 733 defensare
935 692 991 754 per
1019 672 1132 754 quevis
1155 671 1297 733 remedia
1322 674 1498 734 necessaria

233 773 347 837 debeat
371 788 401 837 et
424 788 580 837 teneatur.
607 775 706 838 Secus
730 776 826 858 igitur
857 796 921 838 non
947 776 1070 840 facturi.
1106 777 1309 839 presentibus
1342 778 1500 860 perlectis,

232 879 395 942 exhibenti
420 881 581 943 restitutis.
606 880 724 943 Datum
757 882 847 967 Bude
882 883 914 944 in
946 881 1087 964 profesto
1120 882 1322 945 sacratissimi
1354 883 1502 965 corporis

233 984 362 1048 Christi.
395 990 492 1047 Anno
523 986 667 1048 eiusdem
699 986 873 1050 millesimo
905 989 1163 1070 quingentesimo
1196 989 1352 1070 vigesimo
1383 990 1500 1072 primo.

338 1115 474 1181 Originale
495 1118 520 1168 in
540 1119 638 1172 charta.
658 1118 685 1168 ln
706 1120 825 1184 margine
845 1120 964 1171 inferiori
992 1119 1151 1184 impressum
1180 1125 1222 1170 est
1250 1120 1375 1184 sigillum.
1405 1119 1499 1170 Ecol-

233 1205 293 1259 lect.
312 1203 341 1256 E.
361 1203 505 1270 Lasovslry.

831 1382 908 1448 171.

337 1503 412 1554 Anao
432 1502 508 1559 1521.
528 1503 569 1554 29.
590 1502 659 1555 maii,
679 1502 775 1556 Budas.

233 1628 397 1686 ludovicus
420 1629 471 1703 II,
498 1630 600 1702 Hung.
625 1637 674 1689 etc.
698 1649 761 1700 rex,
784 1627 976 1689 Fcrdinando
997 1630 1180 1704 Frankapan
1204 1630 1304 1690 comiti
1323 1631 1452 1706 inundat,
1470 1639 1504 1688 ut

232 1735 293 1820 sg'ne
316 1754 398 1799 mota
419 1735 527 1792 civibus
548 1735 783 1808 zagrabiensibus
805 1736 909 1793 reddat
928 1736 1143 1809 quinquaginta
1165 1744 1294 1810 quatuor
1314 1737 1405 1812 boves,
1429 1756 1503 1811 quos

678 1850 737 1915 pro
759 1842 865 1899 trt'buto
887 1842 1059 1915 confiscavit.

886 1961 1046 2012 Commissin
1066 1961 1176 2024 propria
1195 1961 1293 2012 domini
1314 1960 1393 2027 regis.

340 2049 527 2112 Ludouicus
559 2050 609 2112 dei
643 2050 749 2132 gracia
781 2069 835 2111 rex
867 2050 1032 2130 Hungarie
1056 2063 1087 2110 et
1118 2049 1273 2111 Bohemie
1307 2064 1365 2112 etc.
1398 2051 1502 2113 Fideli

232 2167 343 2216 nostro
367 2157 532 2238 spectabili
557 2171 588 2218 et
612 2155 785 2238 magnifico
809 2155 1016 2218 Ferdinando
1041 2154 1151 2217 comiti
1175 2155 1214 2216 de
1239 2156 1504 2238 Frangapanibus

234 2261 370 2323 salutem
396 2277 426 2324 et
449 2264 600 2344 graciam.
626 2264 672 2323 Ex
697 2263 837 2343 querelis
853 2275 885 2324 et
900 2262 1139 2344 supplicacione
1157 2260 1303 2322 fidelium
1320 2275 1503 2324 nostrorum

235 2367 354 2427 civium
378 2381 409 2428 et
432 2368 683 2430 inhabitatorum
708 2369 843 2429 civitatis
866 2380 974 2430 nostre
991 2368 1110 2428 montis
1127 2365 1296 2428 Grecensis
1312 2368 1503 2449 accepimus,

236 2471 324 2552 quod
349 2474 496 2553 quamvis
520 2474 737 2535 mediantibus
760 2473 873 2534 litteris
896 2473 1012 2534 nostris
1036 2473 1142 2554 sepius
1165 2472 1223 2533 tibi
1248 2473 1281 2533 in
1307 2492 1345 2533 eo
1370 2473 1502 2534 manda-

235 2577 385 2656 verimus,
410 2592 444 2639 ut
468 2579 542 2640 illos
565 2579 800 2660 quinquaginta
825 2591 975 2659 quattuor
999 2579 1098 2639 boves
1120 2578 1298 2639 eorundem
1323 2579 1440 2640 civium
1473 2592 1504 2639 et

236 2683 448 2765 jobagionum
474 2698 657 2746 nostrorum
682 2704 738 2766 per
762 2698 792 2746 te
817 2685 848 2746 vi
872 2697 903 2745 et
926 2684 1148 2765 potencialiter
1172 2684 1296 2745 ablatos
1320 2684 1454 2746 reddere
1472 2699 1503 2745 et

237 2790 359 2851 restitui
385 2788 488 2851 facere
512 2791 655 2868 deberes,
679 2803 714 2851 tu
738 2804 844 2851 tamen
879 2790 1018 2851 nescitur
1042 2789 1127 2850 unde
1151 2803 1268 2868 motus,
1293 2809 1358 2850 non
1386 2789 1503 2859 curatis

237 2894 422 2957 huiusmodi
447 2896 607 2957 mandatis
630 2897 745 2957 nostris
769 2896 900 2958 eosdem
926 2897 1010 2957 cives
1035 2909 1065 2956 et
1088 2895 1277 2976 jobagiones
1301 2908 1427 2958 nostros
1451 2915 1502 2956 su-

236 3000 369 3082 perinde
394 3014 561 3063 contentos
585 3001 717 3063 reddere
737 3000 788 3062 vel
808 3001 910 3062 dictos
926 3003 1025 3062 boves
1041 3020 1152 3061 eorum
1169 2997 1333 3062 restituere
1350 3001 1505 3062 hactenus

237 3126 301 3166 non
328 3126 468 3168 curasses
487 3127 592 3188 neque
611 3127 736 3168 curares
753 3107 854 3169 eciam
871 3106 970 3168 modo
988 3107 1258 3188 incontemptum
1276 3106 1503 3167 mandatorum

238 3226 430 3290 nostrorum,
455 3213 697 3295 dampnumque
731 3213 908 3274 eorundem
933 3213 1050 3273 civium
1083 3211 1174 3272 valde
1207 3231 1372 3292 magnum.
1396 3213 1505 3285 Quare

237 3339 362 3380 rursum
394 3318 538 3380 fidelitati
563 3333 616 3380 tue
654 3339 690 3380 ex
729 3318 1023 3400 superhabundanti
1059 3317 1172 3378 harum
1208 3318 1287 3378 serie
1323 3318 1506 3380 firmissime

238 3426 469 3485 committimus
506 3439 537 3486 et
572 3425 774 3503 mandamus,
812 3438 969 3505 quatenus
1008 3424 1145 3505 acceptis
1178 3423 1378 3504 presentibus
1415 3423 1504 3483 omni

239 3530 398 3591 dilacione
424 3546 455 3591 et
478 3529 679 3610 subterfugio
703 3531 844 3608 semotis,
862 3532 1001 3611 prelatos
1025 3531 1123 3590 boves
1147 3528 1306 3590 dictorum
1330 3527 1449 3589 civium
1475 3541 1506 3588 et

239 3634 449 3715 jobagionum
487 3649 669 3696 nostrorum
706 3635 827 3715 integre
864 3636 1038 3712 restituere,
1072 3648 1126 3695 aut
1165 3633 1295 3695 eosdem
1332 3632 1505 3715 superinde

239 3753 406 3800 contentos
429 3740 573 3818 reddere,
600 3753 630 3800 et
662 3741 686 3801 si
723 3740 845 3820 aliquid
881 3741 1020 3801 accionis
1057 3759 1129 3801 curn
1165 3739 1241 3820 ipsis
1277 3738 1505 3819 jobagionibus

241 3845 357 3904 nostris
381 3844 540 3922 habueris,
564 3845 596 3905 id
621 3844 753 3923 juridice
777 3845 928 3926 prosequi
953 3846 1099 3906 tenearis.
1131 3846 1213 3905 Nam
1245 3845 1391 3925 alioquin
1416 3863 1504 3904 corn-

241 3949 404 4009 mittemus
428 3963 459 4010 et
482 3969 538 4030 per
566 3963 726 4029 presentes
758 3950 987 4010 committimus
1023 3950 1130 4011 futuro
1162 3951 1247 4010 bano
1280 3951 1369 4029 regni
1405 3950 1504 4010 nostri

242 4054 423 4131 Sclauonie,
449 4069 482 4114 ut
499 4055 565 4134 ipse
582 4052 721 4133 prefatos
746 4054 830 4114 cives
846 4067 876 4114 et
901 4054 1127 4116 inhabitatores
1144 4056 1227 4116 dicte
1245 4055 1380 4116 civitatis
1396 4069 1503 4115 nostre

241 4159 360 4218 montis
400 4158 576 4219 Grecensis·
604 4159 636 4218 in
661 4158 779 4218 damno
800 4159 936 4219 diucius
975 4160 1155 4240 relinquere
1191 4181 1256 4220 non
1289 4160 1414 4237 debeat,
1447 4158 1503 4219 sed

242 4263 362 4324 eisdem
387 4263 427 4323 de
451 4278 633 4345 opportuno
657 4263 799 4324 remedio
824 4264 998 4345 provideat.
1025 4265 1122 4325 Secus
1147 4266 1252 4345 itaque
1278 4264 1391 4344 facere,
1409 4264 1503 4326 nullo

243 4368 340 4428 modo
373 4367 474 4429 lacere
510 4388 683 4450 presumas.
716 4369 918 4430 Presentibus
953 4370 1110 4450 perlectis,
1146 4369 1307 4431 exhibenti
1341 4371 1506 4432 restitutis.

243 4473 360 4533 Datum
385 4474 475 4535 Bude
499 4474 531 4534 in
555 4473 695 4555 profesto
719 4475 920 4536 sacratissimi
944 4475 1086 4556 corporis
1109 4474 1237 4536 Christi.
1263 4480 1359 4537 Anno
1377 4475 1503 4536 domini

244 4577 416 4639 millesimo
441 4578 699 4659 quingentesimo
724 4580 880 4660 vigesimo
904 4581 1020 4662 primo.

349 4707 484 4772 Originale
504 4708 528 4759 in
548 4709 646 4761 charta.
665 4708 693 4759 ln
711 4709 829 4774 margine
848 4708 967 4761 inferiori
986 4709 1141 4771 impressum
1161 4712 1202 4758 est
1222 4706 1347 4772 sigillum.
1359 4707 1389 4760 ln
1404 4706 1504 4762 archiv.

245 4794 304 4847 incl.
324 4794 425 4846 Accad.
443 4795 537 4850 scient.
556 4794 660 4852 Slavor.
679 4797 772 4851 merid.
