3472 5242
236 331 294 416 178
603 335 675 393 Doc.
701 347 771 410 140,
796 348 864 410 141.
889 367 928 378 -
953 335 1008 392 An.
1034 345 1119 410 1517.

337 561 523 624 Venerabili
545 560 680 623 domino
704 562 800 623 Petro
825 560 864 622 de
890 560 1051 642 Grangya,
1076 560 1186 623 lectori
1211 573 1242 621 et
1265 560 1421 621 canonico
1447 580 1496 621 ec·

232 668 325 729 clesie
350 667 574 749 zagrabiensis‚
600 667 644 729 uti
668 666 757 729 fratri
782 668 875 729 nobis
901 665 1029 729 dilecto.
1052 665 1197 728 Thomas
1213 666 1300 727 tituli
1324 687 1348 728 s.
1367 666 1496 728 Martini

232 773 264 834 in
288 773 453 835 Montibus
477 772 657 852 cardinalis,
682 772 921 855 strigoniensis,
945 772 1069 854 legatus
1093 785 1152 834 etc.

338 912 475 979 Originale
494 914 520 964 in
539 913 636 965 charta.
657 913 684 964 ln
704 913 773 965 arch.
793 913 852 965 hon.
873 914 970 978 colleg.
988 911 1243 964 Praebendnriorum
1265 912 1370 976 zagrab.

821 1196 910 1262 140.

337 1353 411 1405 Anno
433 1353 508 1405 1517.
529 1355 571 1407 21.
590 1353 691 1418 aprilis.
711 1352 868 1419 Zagrabiae.

234 1480 371 1541 Edictum
391 1482 513 1554 capr’tuli
532 1481 728 1554 zagrabiensi<
750 1479 783 1538 de
798 1481 884 1554 sonte
899 1480 1072 1557 baptismali,
1089 1481 1141 1552 qui
1164 1477 1210 1538 ad
1230 1499 1250 1541 s.
1274 1482 1396 1538 Mariae
1418 1484 1498 1539 eccle-

442 1588 516 1644 siam
532 1587 733 1660 parochialem
756 1587 786 1642 in
810 1603 882 1643 area
905 1586 1027 1658 capituli
1046 1585 1131 1642 st'tam
1152 1586 1286 1658 pertinet.

338 1726 386 1787 De
422 1744 508 1787 anno
539 1724 662 1786 domini
698 1724 872 1786 millesimo
904 1723 1164 1804 quingentesimo
1188 1723 1315 1786 decimo
1350 1725 1498 1806 septimo,

233 1830 310 1894 feria
332 1831 430 1893 tercia
454 1844 527 1893 ante
552 1830 668 1893 festum
685 1830 818 1911 Georgii
843 1829 989 1891 martiris.
1008 1829 1139 1891 Domini
1166 1830 1346 1911 capituliter
1362 1830 1498 1912 acceptis

233 1937 325 1999 dictis
350 1951 381 1999 et
412 1937 665 2018 allegationibus
698 1949 858 1997 certorum
889 1935 1018 1996 testium
1054 1935 1264 1997 decreverunt
1296 1935 1498 2016 judicialiter,

233 2043 321 2124 quod
346 2043 527 2125 prepositus
552 2045 643 2104 beate
668 2041 801 2122 virginis
825 2040 925 2102 Marie
949 2040 988 2101 de
1020 2060 1091 2101 area
1109 2041 1275 2122 capitulari
1300 2041 1498 2122 zagrabiensi

232 2168 291 2231 pro
315 2162 460 2230 tempore
485 2149 685 2225 constitutus,
710 2167 766 2229 per
789 2165 820 2207 se
844 2146 1053 2228 personaliter
1076 2159 1130 2207 aut
1154 2160 1248 2208 suum
1272 2147 1498 2228 cappellanum

232 2256 366 2336 singulis
399 2252 513 2316 futuris
547 2255 638 2315 annis
672 2252 794 2315 fontem
831 2253 1029 2334 baptismatis
1061 2271 1117 2333 per
1148 2266 1248 2314 totam
1283 2253 1498 2314 ebdomadam

232 2360 472 2423 resurrectionis
497 2360 628 2422 Domini
653 2372 819 2441 exportare
836 2357 876 2419 ad
893 2359 1131 2440 processionem
1149 2372 1180 2420 et
1196 2372 1306 2441 postea
1326 2359 1498 2441 importare

233 2466 273 2529 ad
297 2467 471 2529 sacristiam
494 2479 649 2545 teneatur,
674 2479 704 2526 et
727 2465 873 2526 similiter
904 2465 936 2525 in
960 2464 1069 2545 vigilia
1093 2463 1335 2541 Penthecostes;
1368 2464 1498 2526 tandem

233 2573 401 2656 completis
424 2571 610 2635 huiusmodi
635 2572 749 2635 diebus
770 2570 810 2632 ad
844 2591 935 2632 suam
968 2572 1134 2632 ecclesiam
1170 2572 1388 2652 parochialem
1421 2573 1498 2634 reci·

232 2700 308 2762 pere
332 2692 363 2740 et
386 2692 493 2740 tenere
518 2699 576 2761 pro
601 2676 801 2760 baptizandis
824 2676 1000 2738 infantibus
1023 2678 1063 2738 sit
1087 2678 1257 2758 obligatus.

759 2783 869 2845 Petrus
907 2784 1017 2863 lector,
1056 2783 1096 2844 de
1147 2784 1311 2845 voluntate
1357 2784 1499 2866 capituli,

758 2890 887 2972 propria
911 2888 1034 2972 (manu)
1058 2889 1253 2970 subscripsit.

339 3029 454 3080 Rubrum
475 3030 581 3094 capituli
602 3031 666 3082 eccl.
691 3031 798 3094 zagrab.
818 3029 845 3080 ln
871 3029 969 3080 archiv.
994 3029 1054 3080 lncl.
1074 3027 1213 3081 decadem.
1241 3029 1334 3082 scient.
1360 3025 1499 3080 Slnvornm

235 3118 401 3171 meridional.
421 3117 451 3174 ll.
470 3133 491 3170 c.
512 3120 555 3171 49.

825 3311 905 3375 141.

336 3472 410 3523 Anno
430 3471 507 3523 1517.
530 3473 572 3524 31.
593 3471 662 3522 maii.
682 3470 780 3522 Budae.

233 3617 396 3674 Ludovicus
420 3617 473 3690 ΙΙ.,
497 3616 599 3688 Hung‚
629 3622 680 3674 etc.
704 3633 767 3685 rex,
797 3617 1023 3671 communitatem
1054 3614 1182 3672 civitatis
1205 3615 1292 3689 taxis,
1318 3616 1500 3673 contributio·

561 3721 699 3794 nilusque
721 3721 868 3794 regalibus
889 3720 1032 3778 solvendis
1054 3720 1166 3779 liberat.

701 3857 860 3909 Commissio
880 3859 989 3922 propria
1009 3859 1106 3910 domini
1127 3859 1198 3924 regis
1219 3860 1251 3908 de
1271 3857 1394 3909 consilio.

340 3949 407 4009 Nos
441 3946 628 4008 Ludouicus
652 3946 702 4008 dei
728 3947 833 4028 gracia
858 3967 910 4007 rex
936 3948 1100 4029 Hungarie
1125 3961 1156 4009 et
1180 3946 1332 4008 bohemie
1358 3960 1417 4010 etc.
1435 3947 1500 4006 Me-

235 4055 336 4116 morie
361 4053 626 4115 commendamus
649 4067 759 4115 tenore
783 4054 983 4135 presencium
1008 4052 1223 4134 significantes
1239 4053 1356 4134 quibus
1373 4053 1502 4133 expedit

235 4160 401 4221 universis.
426 4158 524 4232 Quod
550 4178 608 4241 pro
633 4173 721 4240 parte
746 4173 777 4220 et
801 4159 832 4220 in
857 4160 1001 4241 personis
1033 4158 1178 4219 fidelium
1214 4171 1397 4219 nostrorum
1428 4177 1501 4238 pru-

235 4264 368 4325 dentum
394 4278 424 4327 et
449 4264 753 4346 circumspectorum
778 4264 892 4346 judicis
916 4279 946 4326 et
963 4265 1141 4346 juratorum
1159 4265 1289 4342 civium,
1308 4277 1502 4324 ceterorum-

235 4390 297 4451 que
322 4371 544 4432 universorum
569 4371 747 4433 incolarum
765 4384 796 4433 et
813 4371 1064 4433 inhabitatorum
1082 4370 1218 4431 civitatis
1235 4383 1342 4430 nostre
1368 4369 1501 4430 Montis-

234 4476 404 4557 grecensis‚
429 4491 535 4538 nostre
560 4477 592 4538 in
616 4477 701 4539 hunc
725 4478 860 4539 modurn
885 4478 1065 4560 expositum
1089 4477 1190 4537 extitit
1215 4475 1393 4537 Maiestati:
1413 4476 1501 4555 quod

236 4583 382 4662 quamvis
407 4582 505 4645 iidem
527 4599 722 4666 exponentes
747 4604 785 4645 ex
809 4585 941 4666 antiqua
958 4583 1114 4645 libertatis
1132 4583 1274 4664 ipsorum
1301 4580 1503 4663 prerogativa

235 4706 292 4768 per
315 4685 406 4749 divos
430 4708 520 4770 reges
545 4673 721 4770 Hungarie,
745 4703 873 4751 nostros
904 4689 1026 4750 scilicet
1049 4688 1289 4770 predecessores
1324 4685 1401 4768 ipsis
1431 4706 1504 4767 gra-

235 4791 320 4853 ciose
345 4813 506 4874 concessa,
530 4797 570 4856 ab
594 4795 682 4857 omni
708 4795 874 4857 solucione
898 4807 1041 4856 taxarum
1067 4813 1123 4856 seu
1147 4791 1428 4855 contribucionum
1455 4811 1502 4853 re-
