3472 5242
233 327 275 390 60
641 331 715 391 θοι.
727 342 780 407 57,
791 332 847 406 58.
864 364 907 374 —
930 327 1091 407 An.1508.

232 558 381 620 duximus
405 559 637 622 concedendas.
655 560 772 622 Datum
798 561 830 622 in
855 559 935 623 festo
960 560 1043 622 beati
1069 558 1155 620 Gattt
1179 558 1381 622 confessoris.
1398 565 1495 623 Anno

231 663 356 726 domini
380 664 552 727 millesimo
577 667 836 747 quingentesimo
860 668 1008 749 septimo.

338 787 473 852 Originale
498 788 524 839 in
553 790 709 840 membrana,
736 790 853 855 Atergo
878 792 1035 854 impressum
1061 795 1102 840 est
1120 787 1238 855 sigilium
1258 789 1382 856 Gregorii
1399 790 1496 857 judicis

233 874 310 928 Grec.
330 873 358 928 Ia
381 877 477 929 arohiv.
496 877 542 928 lib.
561 890 616 942 reg.
635 878 707 930 oivit.
728 879 836 942 zagrab.

839 1056 896 1122 57.

336 1195 410 1245 Auno
432 1195 508 1258 1508,
531 1195 569 1247 12.
586 1196 707 1260 januarii.
731 1196 828 1247 Budae.

240 1319 420 1396 Vladirlaus,
455 1322 635 1394 Hungarr'ae
668 1330 717 1382 etc.
750 1342 812 1392 rex,
837 1324 923 1397 jubet
952 1324 1059 1380 cr'oibus
1088 1324 1217 1396 aagrab„
1241 1331 1276 1380 ut
1303 1323 1373 1380 duos
1400 1323 1492 1381 bonos

337 1435 430 1503 nuper
449 1413 609 1485 nominatos
631 1429 755 1506 bem'gm
778 1431 874 1485 animo
897 1430 1052 1503 excipiant,
1073 1428 1166 1502 iisque
1187 1429 1389 1502 obsequantur.

337 1565 535 1627 Wiadisiaus
566 1566 616 1628 dei
648 1567 753 1647 gracia
786 1587 839 1628 rex
870 1567 1045 1648 Hungarie,
1071 1566 1224 1629 Bohemie
1249 1578 1307 1627 etc.
1329 1543 1495 1627 Fideiibus

232 1672 347 1732 nostris
370 1671 480 1752 judici,
505 1671 613 1748 juratis
637 1686 668 1734 et
691 1673 886 1734 universitati
913 1672 1032 1733 civium
1056 1673 1191 1734 civitatis
1216 1686 1322 1734 nostre
1345 1672 1496 1752 Zagrabi·

232 1777 316 1838 ensis
343 1777 478 1839 salutem
502 1791 534 1838 et
553 1778 703 1857 graciam.
728 1777 831 1864 Scitis,
856 1777 943 1858 quod
967 1797 1025 1838 nos
1050 1779 1202 1838 banatum
1226 1797 1399 1859 regnorum
1423 1797 1496 1838 nos-

231 1895 353 1945 trorum
378 1884 552 1960 Dalmacie,
574 1883 709 1945 Croacie
732 1897 763 1945 et
786 1884 967 1962 Sciauonie,
985 1904 1081 1965 quern
1098 1884 1250 1945 hactenus
1265 1883 1377 1946 fideles
1396 1884 1495 1945 nostri

232 1988 391 2070 magnifici
410 1991 554 2051 Andreas
573 1990 653 2051 Both
671 1990 710 2051 de
728 1990 837 2072 Bayna
855 2004 885 2051 et
904 1991 1028 2051 Marcus
1046 1989 1200 2050 Horwath
1218 1989 1257 2050 de
1271 1989 1496 2071 Kamnychacz

232 2116 249 2156 a
281 2097 374 2157 nobis
403 2109 585 2174 tenuerunt,
609 2110 641 2157 et
672 2095 757 2157 hunc
790 2098 830 2157 ab
864 2096 940 2178 ipsis
971 2095 1171 2174 autierentes,
1200 2094 1349 2157 fidelibus
1380 2095 1497 2156 nostris

232 2202 409 2283 magnificis
434 2201 576 2283 Georgio
610 2203 650 2264 de
675 2203 802 2284 Kanysa
835 2216 865 2263 et
889 2202 1027 2263 Johanni
1052 2200 1190 2262 Ernusth
1215 2200 1254 2262 de
1278 2201 1496 2282 Chaktornya‚

232 2327 314 2390 quos
337 2308 377 2369 ad
402 2309 488 2370 iilius
513 2309 795 2371 conservacionem
820 2309 894 2369 satis
917 2322 1018 2389 aptos,
1034 2306 1292 2388 sufficientesque
1315 2320 1345 2367 et
1361 2305 1497 2368 idoneos

232 2434 290 2496 pro
320 2414 421 2475 salute
446 2428 476 2476 et
499 2416 673 2498 tranquillo
705 2429 788 2478 statu
820 2416 980 2477 dictorum
1005 2433 1177 2496 regnorum
1203 2427 1385 2475 nostrorum
1410 2432 1496 2475 com·

232 2520 406 2602 peruimus,
450 2522 666 2583 mediantibus
705 2521 776 2583 aiiis
815 2521 926 2584 litteris
965 2520 1080 2581 nostris
1118 2519 1289 2602 superinde
1333 2518 1496 2597 confectis,

232 2626 327 2707 piene
351 2628 556 2706 contulimus,
574 2647 693 2710 eosque
718 2628 748 2689 in
773 2629 892 2689 banatu
917 2625 1105 2688 eorumdem
1124 2645 1296 2707 regnorum
1313 2637 1494 2687 nostrorum

232 2731 425 2794 suffecimus.
450 2733 655 2816 Quapropter
682 2734 833 2796 volumus
857 2779 995 2795 .....
1021 2746 1051 2793 et
1075 2732 1188 2793 harum
1212 2732 1292 2793 serie
1316 2729 1495 2792 firmissime

232 2837 463 2900 committimus
491 2852 522 2900 et
554 2838 756 2916 mandamus,
777 2852 936 2920 quatenus
969 2839 1046 2899 dum
1078 2851 1109 2898 et
1140 2837 1270 2917 quando
1300 2837 1399 2897 iidem
1421 2837 1495 2898 bani

232 2945 331 3006 nostri
356 2944 396 3006 ad
421 2945 521 3026 ipsam
546 2945 707 3006 civitatem
732 2959 873 3007 nostram
898 2944 1006 3005 venire
1030 2943 1201 3021 voluerint,
1226 2955 1340 3005 extunc
1364 2942 1495 3004 eosdem

232 3070 357 3132 semper
388 3050 562 3112 honorifice
594 3051 738 3133 excipere
768 3066 799 3111 et
827 3051 926 3113 libere
950 3064 1031 3112 stare
1056 3051 1176 3130 absque
1200 3049 1288 3109 omni
1314 3049 1495 3110 resistencia

232 3176 392 3219 unacum
424 3157 574 3219 comitiva
598 3157 741 3239 ipsorum
773 3178 808 3218 ac
833 3157 967 3238 singulis
991 3156 1029 3217 ad
1063 3175 1118 3217 eos
1141 3155 1374 3237 pertinentibus
1398 3155 1496 3215 intro·

232 3263 367 3340 mittere,
391 3276 553 3345 acceptare
576 3283 612 3324 ac
632 3282 691 3345 pro
712 3264 823 3324 vestris
844 3263 935 3324 banis
952 3262 1068 3323 habere
1085 3275 1116 3322 et
1134 3280 1336 3341 cognoscere,
1353 3259 1495 3341 ipsisque

233 3369 265 3430 in
298 3369 449 3431 omnibus
479 3369 575 3430 licitis
608 3382 639 3429 et
674 3369 831 3430 consvetis
864 3388 973 3449 parere
1007 3386 1133 3448 semper
1164 3378 1195 3426 et
1226 3365 1358 3426 obedire
1391 3365 1496 3426 modis

232 3475 384 3537 omnibus
400 3474 542 3536 debeatis
559 3487 590 3535 et
604 3474 789 3535 teneamini.
807 3473 906 3534 Aliud
923 3471 1127 3534 nullomodo
1144 3472 1247 3532 iacere
1261 3470 1496 3552 presummatia,

232 3581 436 3641 Presentibus
460 3580 616 3662 perlectis,
641 3578 801 3641 exhibenti
826 3578 987 3640 restitutis.
1014 3578 1131 3639 Datum
1157 3575 1247 3638 Bude
1273 3574 1351 3637 feria
1382 3576 1493 3657 quinta

233 3686 377 3768 proxima
410 3699 482 3768 post
514 3684 630 3747 festum
661 3685 759 3746 sancti
792 3685 883 3745 Pauli
915 3684 1011 3766 primi
1046 3682 1211 3745 heremite.
1242 3686 1338 3743 Anno
1372 3681 1495 3744 domini

232 3792 406 3853 millesimo
430 3791 690 3873 quingentesimo
715 3804 838 3852 octavo.

339 3912 475 3978 originale
491 3915 517 3963 in
533 3914 630 3976 charta,
644 3918 685 3962 sat
705 3927 821 3965 exesum.
836 3913 863 3962 in
883 3913 1000 3976 margine
1015 3911 1134 3961 interiori
1149 3912 1305 3975 impressum
1316 3916 1357 3961 est
1370 3910 1495 3974 sigillum.
1574 3898 1576 3902 ¹

233 4001 260 4052 lu
279 4002 374 4053 archiv.
394 4002 454 4052 inei.
474 4002 561 4050 decad
590 3998 689 4051 Sciant.
709 3998 811 4053 Siavor.
831 4001 921 4052 merid.

835 4229 894 4293 58.

338 4371 411 4421 Anno
434 4371 508 4432 1508,
530 4370 570 4420 19.
586 4366 707 4433 januarii.
727 4367 884 4433 Zagrabiae.

240 4480 342 4537 Coram
365 4480 561 4535 corrrmum'tatc
584 4479 711 4536 ciuitatis
725 4478 881 4554 johannes
907 4479 987 4550 rivis,
1011 4478 1064 4549 qui
1088 4484 1155 4532 ante
1171 4475 1268 4549 judex
1284 4475 1357 4548 suit,
1379 4475 1499 4532 nuntiat

285 4584 447 4657 Georgium
470 4585 556 4642 civem
578 4579 710 4641 Fabiano
732 4583 820 4640 Mr'lr'n
843 4585 901 4640 cr'ur'
920 4584 1024 4640 sr'lvam
1048 4600 1130 4638 sunm
1147 4593 1171 4655 3
1187 4579 1259 4653 flor.
1278 4575 1449 4637 vendidisse.

340 4706 407 4767 Nos
437 4704 623 4785 Gregorius,
657 4702 742 4765 filius
774 4702 912 4780 Andree,
942 4701 1048 4782 judex,
1081 4698 1289 4781 Boligangus,
1320 4697 1493 4782 Georgius,

236 4809 432 4891 Valentinus,
451 4810 600 4890 Michael,
621 4810 812 4894 Stephanus,
823 4807 979 4886 Vrbanus,
999 4806 1174 4888 Gregorius
1190 4819 1221 4868 et
1238 4803 1375 4869 Mathias
1391 4803 1497 4886 jurati,
