3472 5242
242 337 284 398 90
662 319 734 379 Dae.
758 315 811 396 83.
836 352 879 362 —
904 321 962 382 An.
987 332 1074 394 1510.

841 545 902 611 83.

349 704 424 755 Auno
446 703 520 755 1510.
540 702 696 770 Zagrabiae.

246 845 409 921 Capitulum
439 849 625 920 tagrabiense
640 849 759 925 Jultum
790 849 831 909 ΙΙ.
851 857 960 923 papam
986 857 1073 922 rogat
1097 850 1306 922 concessionem,
1331 857 1365 906 ut
1385 850 1500 907 ecelesia

239 973 262 1015 s.
286 955 415 1012 Euteriei
446 955 591 1029 diruatur,
614 952 819 1029 paracleiaque
849 957 878 1012 in
908 956 1047 1012 desertum
1078 956 1283 1012 monasterium
1312 955 1504 1014 Cistercitense

769 1062 977 1136 transferatur.

344 1197 529 1258 Beatissime
553 1212 651 1280 pater.
674 1198 806 1259 Dudum
831 1199 863 1261 S.
880 1199 918 1261 V.
936 1219 994 1281 pro
1019 1214 1106 1281 parte
1131 1202 1215 1262 bone
1240 1186 1396 1266 memorie
1414 1201 1501 1263 Luce

238 1302 379 1384 episcopi
410 1304 635 1384 zagrabiensis,
659 1305 802 1388 exposito
835 1305 923 1386 quod
955 1307 1087 1367 ecclesia
1119 1327 1174 1367 sua
1199 1307 1423 1389 zagrabiensis,
1448 1306 1499 1368 cui

237 1423 372 1489 preerat,
389 1423 419 1470 et
443 1430 540 1491 quam
566 1411 629 1471 iam
654 1410 778 1471 dudum
802 1424 991 1493 sumptuoso
1015 1426 1046 1473 et
1071 1413 1213 1489 preclaro
1238 1432 1334 1494 opere
1360 1411 1499 1474 edificari

239 1513 399 1595 inceptam
434 1515 499 1597 ipse
532 1536 550 1576 a
582 1516 691 1597 paucis
721 1517 813 1577 annis
844 1516 919 1578 citra
944 1517 1068 1597 magnis
1092 1519 1272 1599 sumptibus
1296 1532 1327 1580 et
1351 1518 1503 1600 impensis

238 1621 439 1682 ornatissime
471 1620 645 1702 perfecerat
677 1634 708 1683 et
739 1621 953 1701 decoraverat,
986 1623 1166 1684 confinibus
1197 1623 1413 1703 Thurcorum,
1446 1623 1500 1705 qui

238 1740 342 1808 partes
367 1728 436 1789 illas
464 1726 718 1809 frequentissime
744 1727 946 1808 infestabant,
969 1729 1206 1790 incursionibus
1229 1730 1411 1812 propinqua
1436 1742 1503 1790 erat

238 1846 268 1893 et
292 1848 475 1915 propterera
498 1835 678 1896 timendum
703 1847 779 1911 erat,
796 1833 884 1915 quod
902 1834 1034 1895 ecclesia
1052 1835 1119 1916 ipsa
1135 1835 1195 1896 nisi
1213 1836 1242 1895 ei
1259 1835 1298 1896 de
1316 1849 1497 1917 opportune

238 1937 434 2000 defensionis
458 1940 597 2021 presidio
622 1940 712 2000 aliter
736 1954 965 2018 succureretur,
991 1960 1045 2022 per
1070 1941 1268 2002 incursiones
1293 1941 1498 2003 Thurcorum

237 2046 454 2126 predictorum
479 2047 566 2108 brevi
592 2046 807 2123 desolaretur;
832 2046 917 2108 unde
941 2046 1007 2126 ipse
1034 2046 1135 2107 Lucas
1160 2046 1327 2128 episcopus
1349 2065 1409 2128 pro
1425 2066 1500 2108 con-

237 2153 421 2213 servacione
455 2153 598 2213 eiusdem
623 2152 755 2213 ecclesie
780 2153 867 2213 illam
892 2152 957 2212 suis
980 2153 1161 2234 sumptibus
1185 2166 1216 2214 et
1238 2153 1384 2234 expensis
1407 2172 1500 2214 muro

237 2271 267 2319 et
291 2259 541 2339 propugnaculis
565 2258 815 2338 congruentibus
838 2258 965 2339 cingere
989 2270 1020 2319 et
1041 2258 1167 2319 munire
1190 2259 1412 2340 proponebat;
1444 2258 1499 2319 sed

236 2377 365 2445 propter
398 2364 460 2424 loci
493 2363 672 2443 augustiam
704 2363 736 2423 id
768 2362 917 2445 perlicere
948 2382 1012 2424 non
1037 2376 1171 2445 poterat,
1196 2376 1226 2424 et
1251 2363 1275 2424 si
1301 2363 1333 2424 in
1358 2363 1500 2444 quodam

236 2469 346 2550 aliquo
370 2482 399 2530 et
424 2489 504 2550 pene
529 2468 654 2529 deserto
677 2469 871 2530 monasterio
897 2468 1117 2530 Cisterciensis
1142 2468 1264 2530 ordinis
1280 2488 1336 2529 sue
1353 2469 1498 2547 civitatis,

237 2575 327 2635 cuius
351 2573 471 2636 fructus
495 2575 590 2635 etiam
614 2573 791 2635 admodum
815 2588 926 2635 tenues
947 2587 1001 2635 aut
1017 2575 1096 2635 nulli
1115 2587 1214 2652 erant,
1232 2587 1262 2635 et
1280 2574 1367 2655 quod
1384 2575 1499 2636 abbate

237 2693 266 2741 et
291 2694 451 2742 conventu
475 2682 601 2741 carebat
621 2679 702 2740 ordo
728 2679 914 2740 huiusmodi
939 2694 1095 2762 perpetuo
1119 2680 1381 2761 supprimeretur,
1405 2681 1499 2742 etad

237 2785 380 2847 eiusdem
413 2786 596 2847 monasterii
631 2785 808 2864 ecclesiam,
833 2785 973 2866 quedam
997 2785 1187 2867 parochialis
1213 2786 1345 2847 ecclesia
1369 2786 1402 2846 in
1426 2787 1499 2848 loco

236 2891 276 2952 ad
300 2892 540 2973 propugnacula
565 2891 750 2952 huiusmodi
775 2892 987 2952 construenda
1008 2892 1187 2952 necessario
1208 2891 1383 2952 consistens
1400 2905 1500 2953 trans-

236 2996 363 3074 feretur,
386 2998 547 3079 ipsiusque
581 2997 772 3079 parochialis
803 2997 934 3057 ecclesie
964 2996 1087 3058 edificia
1112 3017 1207 3080 parva
1232 3011 1263 3058 et
1285 2998 1359 3058 satis
1384 2997 1499 3059 rustica

235 3104 465 3165 demolirentur
496 3124 551 3165 seu
584 3103 662 3164 alias
695 3124 731 3165 ea
756 3116 787 3164 et
817 3103 907 3164 locus
931 3104 997 3185 ipse
1022 3103 1054 3164 in
1080 3123 1172 3163 usum
1198 3117 1228 3164 et
1253 3104 1408 3164 lubricam
1431 3102 1496 3164 dic-

235 3225 341 3272 torum
373 3210 689 3291 propugnaculorum
721 3209 940 3290 redigerentur
972 3222 1003 3270 et
1026 3222 1296 3287 converterentur,
1321 3222 1352 3270 et
1375 3209 1407 3269 in
1432 3221 1498 3270 tota

236 3337 291 3377 sua
322 3316 460 3377 dioecesi
495 3330 698 3397 preterquam
731 3317 825 3377 unius
856 3316 1049 3377 chasmensis
1081 3315 1251 3396 collegiate
1275 3328 1306 3376 et
1330 3314 1496 3376 cuiusdam

235 3423 430 3501 monasterii,
455 3421 542 3503 quod
567 3436 641 3482 tunc
665 3442 683 3482 a
708 3422 796 3483 laicis
820 3422 1045 3503 occupabatur,
1070 3421 1157 3482 nulle
1182 3441 1317 3503 persone
1342 3421 1373 3481 in
1398 3420 1497 3481 eccle·

235 3530 358 3590 siastica
383 3529 536 3609 dignitate
560 3529 729 3589 constitute
754 3528 940 3606 existebant,
958 3528 1075 3608 quibus
1099 3546 1193 3588 cause
1216 3526 1392 3608 apostolice
1410 3544 1496 3586 com-

235 3634 316 3695 mitti
348 3647 489 3715 possent,
514 3633 625 3694 eadem
657 3634 805 3694 sanctitas
828 3634 866 3695 V.
892 3634 997 3695 eidem
1031 3634 1115 3694 Luce
1145 3633 1296 3715 episcopo
1320 3633 1385 3692 suis
1409 3631 1497 3693 dedit

234 3739 346 3800 litteris
370 3740 402 3799 in
427 3738 585 3799 mandatis
608 3739 755 3800 ordinem
780 3741 812 3800 in
836 3741 970 3820 antiquo
994 3739 1189 3800 monasterio
1213 3737 1445 3820 supprimendi,
1467 3751 1498 3799 et

234 3845 259 3905 si
284 3845 323 3906 ad
357 3844 389 3905 id
412 3857 487 3906 tunc
512 3846 641 3907 rectoris
665 3845 746 3906 dicte
771 3845 963 3927 parochialis
987 3845 1118 3907 ecclesie
1141 3864 1307 3926 expressus
1331 3843 1497 3905 accederet

234 3970 389 4028 assensus,
412 3952 512 4033 ipsam
532 3950 749 4032 parochialem
774 3952 939 4014 ecclesiam
964 3952 997 4012 in
1022 3938 1288 4013 ecclesiam'dicti
1312 3949 1497 4012 monasterii

233 4055 454 4135 transferendi,
472 4057 635 4137 ipsiusque
659 4057 850 4138 parochialis
874 4057 1006 4118 ecclesie
1030 4057 1074 4117 sic
1098 4069 1172 4118 tunc
1196 4055 1346 4117 translate
1372 4054 1496 4117 edificia

234 4162 381 4223 demoliri
417 4160 565 4241 faciendi,
598 4182 699 4243 eaque
734 4176 765 4223 et
800 4163 908 4223 locum
939 4163 1044 4243 ipsum
1080 4162 1112 4223 in
1147 4181 1241 4223 usum
1277 4175 1308 4222 et
1343 4159 1496 4223 fabricam

233 4268 391 4330 dictorum
419 4269 735 4349 propugnaculorum
759 4268 925 4349 redigendi
950 4282 981 4329 et
1004 4267 1210 4329 convertendi
1236 4286 1383 4328 necnon
1408 4266 1497 4347 quod

232 4372 314 4454 (pro)
338 4387 482 4455 tempore
507 4374 643 4434 existens
668 4387 770 4435 rector
793 4372 1010 4435 transferende
1035 4372 1178 4452 ecclesie,
1201 4387 1372 4454 postquam
1396 4385 1496 4434 trans-

233 4479 294 4539 lata
321 4476 411 4556 foret,
439 4492 553 4540 extunc
578 4479 617 4540 de
641 4493 746 4541 cetero
770 4480 931 4562 perpetuis
956 4479 1070 4541 luturis
1094 4479 1293 4560 temporibus
1316 4479 1496 4560 prepositus

233 4598 481 4664 nuncuparetur,
505 4599 536 4646 et
568 4585 608 4646 ad
633 4585 790 4665 ellectum,
815 4599 850 4646 ut
874 4586 913 4665 ei,
936 4599 1101 4666 tamquam
1125 4602 1260 4666 persone
1285 4584 1317 4645 in
1341 4583 1495 4665 dignitate

233 4686 444 4751 ecclesiastica
468 4691 648 4770 constitute,
669 4710 762 4753 cause
786 4691 887 4752 eciam
911 4709 1120 4772 personarum
1140 4688 1222 4750 dicte
1239 4689 1371 4750 ecclesie
1387 4708 1496 4770 zagru-

233 4790 352 4852 biensis
382 4815 400 4856 a
431 4795 505 4856 sede
536 4793 678 4878 predicta
714 4797 870 4858 committi
902 4809 1051 4879 possent,-
1067 4795 1098 4857 in
1130 4792 1285 4876 dignitate
1307 4794 1493 4857 huiusmodi
