3472 5242
672 358 747 418 Dec.
765 372 800 433 3.
817 391 860 400 —
883 360 941 419 Aa.
960 372 1048 434 1500.
1474 381 1489 440 5

227 580 487 662 (instrumentum
511 602 568 664 per
591 581 691 642 alium
713 581 849 643 fideliter
872 585 1036 665 scriptum,
1053 584 1126 645 licet
1147 584 1217 645 aliis
1231 606 1290 667 pro
1307 600 1382 647 tunc
1399 587 1492 647 certis

227 705 278 747 me
295 700 452 767 occupato
469 688 611 769 negociis
628 687 824 748 arduissimis
849 690 963 751 exinde
988 689 1123 771 confeci)
1141 704 1171 751 et
1189 691 1221 752 in
1235 691 1315 753 hanc
1328 693 1491 773 publicam

227 791 363 853 formam
397 793 517 876 redegi,
540 794 697 874 signoque
730 807 761 854 et
784 795 914 856 nomine
943 795 990 877 (ac
1014 796 1263 879 subscripcione)
1287 797 1367 859 meis
1390 797 1492 859 solitis

228 912 258 959 et
289 900 464 975 consvetis;
504 919 641 960 unacum
677 899 873 981 appensione
909 902 1005 983 sigilli
1052 900 1165 983 prelati
1206 901 1328 964 domini
1364 901 1491 964 Alfonsi

226 1003 380 1085 prepositi
405 1025 439 1065 ac
466 1005 618 1087 Stephani
644 1018 675 1065 et
700 1004 839 1066 Ladislai
865 1008 993 1068 testium
1019 1052 1158 1068 .....

335 1197 470 1262 Originale
499 1198 525 1248 iu
554 1201 713 1263 membrana,
733 1206 773 1250 sal
803 1201 924 1253 lacerum.
944 1200 971 1250 ln
997 1200 1094 1254 archiv.
1114 1215 1172 1251 ven.
1196 1199 1281 1264 Capit.
1306 1201 1413 1265 zagrab.
1432 1199 1490 1252 Act.

230 1286 314 1349 Capit.
334 1292 386 1337 ant.
408 1288 471 1339 fasc.
492 1285 534 1338 ta.
556 1301 592 1339 ur.
613 1287 653 1340 17.

331 1709 405 1759 Anno
427 1709 501 1767 1500,
524 1710 563 1760 lb.
582 1710 683 1773 aprilis.
703 1709 801 1760 Budae.

226 1850 331 1925 Laecae,
350 1853 493 1925 episcopans
515 1854 722 1927 zagrabrensis,
740 1861 824 1927 vetat,
842 1871 877 1910 ne
891 1870 981 1926 quein,
996 1853 1112 1910 etiamsi
1129 1853 1240 1910 litteras
1255 1855 1334 1931 regis
1352 1871 1490 1911 caramen-

228 1953 354 2014 delicias
377 1957 489 2033 lrabeat,
514 1960 671 2032 capitulum
695 1961 756 2016 sinc
774 1961 863 2032 ἱρείας
878 1957 1080 2017 constitutione
1095 1959 1261 2016 canonicum
1276 1959 1491 2032 zagrabiensem

782 2066 925 2123 instituat.

336 2219 544 2281 Venerabiles
578 2220 689 2281 fratres
724 2221 822 2281 nostri
859 2220 1022 2280 carissimi.
1062 2221 1134 2280 Non
1171 2219 1356 2280 dubitamus
1391 2220 1491 2281 Vobis

226 2337 370 2385 constare
396 2326 571 2386 nonnullos
595 2346 673 2405 esse,
698 2326 752 2406 qui
776 2346 794 2386 a
819 2326 982 2386 Maiestate
1007 2325 1093 2405 regia
1118 2345 1176 2407 pro
1200 2325 1435 2405 consequendis
1459 2326 1490 2386 in

226 2429 280 2490 illa
305 2431 435 2491 ecclesia
469 2446 575 2492 nostra
605 2431 777 2510 beneficiis,
802 2432 921 2492 litteras
945 2431 1157 2512 expectativas
1182 2431 1400 2512 impetrarunt.
1425 2431 1492 2492 Nos

226 2536 326 2596 eciam
345 2551 504 2598 certorum
522 2538 700 2598 amicorum
717 2551 899 2598 nostrorum
926 2537 1117 2618 importunis
1133 2536 1281 2618 precibus
1298 2536 1383 2615 victi,
1400 2537 1492 2597 certis

226 2642 371 2721 personis
395 2661 490 2722 super
513 2643 630 2703 talibus
658 2642 863 2723 expectativis
887 2643 1008 2720 litteris,
1033 2655 1177 2702 nostrum
1205 2662 1396 2703 consensum
1419 2627 1491 2723 pre·

228 2747 356 2807 buimus
389 2747 605 2808 mediantibus
640 2749 752 2808 litteris
787 2748 911 2808 nostris.
946 2749 984 2808 Et
1022 2748 1097 2829 quia
1129 2748 1288 2809 credimus
1323 2749 1389 2810 Vos
1424 2767 1490 2809 non

226 2851 383 2933 ignorare,
420 2853 508 2934 quod
545 2873 601 2935 per
637 2854 756 2914 similes
788 2854 893 2914 literas
926 2854 1137 2936 expectativas
1173 2854 1281 2916 nullus
1314 2855 1345 2915 in
1380 2855 1490 2935 aliquo

225 2957 382 3019 beneficio
406 2960 464 3019 sibi
490 2958 539 3039 jus
562 2960 694 3040 aliquod
719 2960 887 3020 vendicare
912 2973 1026 3041 potest,
1051 2960 1194 3021 accidit.
1220 3006 1226 3021 .
1252 3007 1259 3021 .
1285 2975 1319 3021 ut
1343 2960 1490 3021 Maiestas

228 3065 315 3144 regia
332 3084 426 3146 super
450 3066 601 3126 omnibus
625 3065 788 3126 beneficiis
812 3065 844 3126 in
869 3066 935 3146 ipsa
952 3066 1084 3126 ecclesia
1108 3065 1310 3127 conferendis
1326 3066 1419 3127 nobis
1434 3086 1491 3147 per

225 3189 297 3230 suas
320 3169 439 3231 litteras
462 3171 510 3251 jus
541 3184 726 3252 patronatus
757 3171 903 3247 contulit,
928 3190 1007 3251 quas
1038 3171 1144 3232 literas
1180 3172 1244 3232 iarn
1275 3171 1341 3232 Vos
1372 3171 1488 3232 vidisse

225 3275 425 3337 arbitramur.
460 3278 540 3337 Eam
573 3279 615 3337 ob
648 3296 715 3338 rern
748 3295 897 3356 rogamus
928 3277 994 3336 Vos
1027 3289 1193 3357 tamquam
1225 3275 1334 3337 fratres
1364 3290 1489 3337 nostros

225 3381 437 3460 charissimos,
463 3396 497 3443 ut
528 3382 552 3442 si
587 3383 642 3464 qui
675 3382 755 3443 forte
789 3381 959 3442 institerint
990 3382 1076 3463 apud
1098 3383 1164 3443 Vos
1195 3383 1227 3442 in
1255 3382 1490 3462 consequendis

225 3487 389 3548 beneficiis
413 3507 485 3548 cum
511 3488 587 3569 ipsis
611 3489 709 3548 literis
732 3487 936 3568 expectativis
960 3501 1069 3548 contra
1085 3487 1153 3568 jura
1175 3501 1292 3566 nostra,
1309 3488 1372 3548 iam
1389 3488 1489 3549 Vobis

226 3605 311 3672 nota,
337 3593 499 3654 neminem
525 3613 561 3654 ex
587 3593 650 3654 illis
674 3593 853 3675 acceptetis,
879 3593 1032 3674 quoniam
1057 3594 1124 3655 Nos
1147 3594 1368 3655 auctoritatem
1391 3593 1488 3654 simul

225 3711 256 3758 et
281 3697 546 3759 informacionem
572 3698 720 3759 dedimus
741 3698 915 3759 venerabili
933 3698 1066 3760 domino
1084 3699 1208 3760 Simoni
1226 3699 1360 3777 doctori,
1377 3697 1488 3759 factori

227 3818 346 3882 nostro,
381 3805 499 3883 quibus
523 3803 676 3865 beneficia
701 3805 733 3864 in
758 3817 863 3890 nostra
892 3805 1039 3865 absencia
1063 3819 1211 3866 vacatura
1235 3802 1387 3866 conferat.
1412 3804 1489 3865 Post

227 3908 349 3969 l'elicem
377 3928 451 3971 vero
475 3909 649 3970 adventum
674 3922 817 3970 nostrum
836 3910 867 3970 in
886 3910 973 3970 illam
991 3909 1168 3989 ecclesiam,
1185 3911 1209 3970 si
1227 3929 1290 3990 que
1307 3909 1489 3971 vacaverint

224 4033 297 4074 cum
322 4029 426 4075 vestro
451 4016 585 4076 consilio
618 4016 735 4076 talibus
767 4015 979 4092 conferemus,
1003 4016 1057 4095 qui
1083 4015 1143 4097 ipsi
1173 4015 1304 4077 ecclesie
1331 4015 1487 4096 imprimis

225 4132 254 4179 et
278 4120 413 4180 subinde
440 4121 533 4180 nobis
558 4135 588 4180 et
613 4120 713 4180 eciam
738 4120 838 4181 Vobis
869 4120 964 4181 utiles
987 4134 1089 4181 erunt.
1114 4121 1289 4200 Reliquum
1318 4133 1374 4200 est,
1399 4119 1487 4200 quod

225 4225 289 4284 Vos
323 4240 487 4304 tamquam
522 4225 631 4285 l'ratres
661 4226 781 4306 optime
813 4226 918 4287 valere
952 4225 1181 4286 desideramus.
1207 4226 1252 4285 Ex
1285 4225 1376 4285 Buda
1409 4224 1487 4285 feria

225 4344 335 4410 quarta
360 4331 489 4390 maioris
513 4330 703 4391 ebdomade.
731 4352 821 4410 ¹500·

331 4472 432 4530 Lucas
456 4472 575 4532 electus
600 4471 731 4531 ecclesie

373 4559 598 4640 zagrabiensis‚
622 4579 719 4620 manu
742 4560 882 4641 propria.

330 4750 464 4817 Originale
485 4751 510 4801 ln
530 4752 627 4803 charta.
646 4751 667 4801 Α
686 4755 763 4816 tergo
784 4752 941 4816 impressum
961 4758 1002 4802 est
1022 4752 1146 4817 sigillum.
1167 4751 1194 4802 ln
1214 4751 1311 4801 archiv.
1326 4765 1383 4803 ven.
1399 4752 1485 4816 Capit.

224 4841 330 4905 zagrab.
349 4839 406 4890 Act.
426 4840 489 4904 Cap.
509 4846 562 4894 ant.
582 4840 644 4892 lasc.
665 4841 707 4892 91.
728 4855 765 4891 ur.
784 4841 826 4892 27.
