3472 5242
233 338 296 399 304
584 308 587 313 ¹
636 318 757 378 Sintula
782 321 1073 378 Praebendoriornm.

231 546 298 606 cius
322 546 439 607 divinis
462 559 631 628 propterea
655 547 861 629 invigilemus
892 544 1017 624 officiis,
1041 547 1209 608 statuimus
1233 560 1263 608 et
1287 547 1496 625 decrevimus,

232 652 318 734 quod
345 654 384 714 ad
408 652 594 714 mandatum
619 667 764 715 nostrum
788 672 844 714 seu
869 652 992 714 domini
1010 653 1122 714 decani
1140 654 1251 732 nostri,
1275 651 1496 734 quandocum-

232 777 294 838 que
319 757 350 818 id
375 759 558 837 occurrerit,
575 759 715 820 universi
733 757 843 819 fratres
861 759 1032 819 convenire
1050 758 1188 820 debeant
1204 759 1243 819 ad
1262 758 1495 819 decantandam

231 863 373 943 missam,
397 884 454 946 per
490 863 618 926 fratrem
644 865 693 926 cui
732 865 763 925 id
800 865 951 925 dominus
986 878 1095 926 noster
1118 865 1314 926 commiserit
1347 865 1496 938 decanus,

231 968 381 1030 videlicet
405 970 444 1031 de
469 972 560 1031 beata
590 970 713 1051 virgine
747 970 778 1031 in
811 990 863 1030 ara
895 970 1051 1049 eiusdem,
1083 971 1173 1031 cuius
1203 969 1295 1031 finito
1321 971 1495 1031 ›Sanctus‹

232 1074 416 1136 dividantur
440 1074 550 1137 fratres
574 1077 606 1136 in
631 1076 710 1137 duas
734 1090 840 1158 partes
862 1076 901 1136 ad
932 1076 1147 1137 decantandas
1172 1076 1249 1137 alias
1273 1076 1352 1137 duas
1375 1077 1498 1153 missas,

232 1194 308 1261 puta
317 1180 535 1262 ›deAngelis‹
547 1195 577 1243 et
590 1180 795 1242 »Defuncrise
812 1182 842 1241 in
854 1201 1061 1263 quacumque
1074 1202 1137 1260 ara,
1151 1184 1209 1243 sub
1224 1182 1315 1263 penis
1333 1181 1496 1263 predictis.

334 1394 383 1451 De
404 1394 588 1467 deportandis
603 1395 761 1470 funeribus
778 1403 985 1468 patronorum.

335 1533 377 1595 Ut
401 1534 481 1595 vivis
504 1535 548 1595 sic
574 1535 675 1596 eciam
699 1554 737 1595 ex
761 1534 819 1596 hac
843 1535 907 1595 vita
942 1534 1194 1595 decendentibus
1227 1533 1369 1595 dominis
1392 1547 1423 1594 et
1440 1553 1497 1615 pa·

231 1640 332 1700 tronis
354 1640 470 1701 nostris
495 1641 737 1721 graciosissimis
760 1641 893 1721 obsequi
921 1641 1094 1721 cupientes,
1120 1659 1194 1701 nam
1221 1639 1496 1721 quemadmodum

232 1745 330 1806 iidem
354 1745 478 1807 domini
503 1748 628 1829 patroni
653 1748 751 1808 nostri
786 1746 1126 1808 reverendissimorum
1150 1746 1357 1807 dominorum
1375 1745 1497 1825 episco-

232 1870 347 1932 porum
371 1850 482 1913 funera
506 1868 578 1934 post
602 1853 767 1914 decessum
800 1852 976 1914 eorundem
1010 1872 1065 1933 per
1096 1872 1129 1912 se
1162 1852 1280 1912 debent
1311 1850 1497 1932 sepeIIenda

232 1956 367 2036 deferre,
392 1959 431 2018 ita
469 1978 528 2019 nos
562 1959 708 2020 similiter
740 1960 890 2020 volumus
915 1971 946 2019 et
980 1958 1159 2036 statuimus,
1195 1957 1313 2019 amodo
1338 1957 1370 2016 in
1404 1969 1496 2016 antea

232 2064 408 2125 eorundem
420 2064 626 2126 dominorum
637 2079 845 2146 patronorum
855 2077 1035 2125 nostrorum
1048 2062 1159 2125 funera
1169 2083 1185 2124 e
1196 2064 1345 2124 domibus
1355 2063 1496 2144 ipsorum

233 2170 398 2250 usquead
423 2171 530 2231 locum
555 2171 717 2251 sepulture
742 2190 814 2231 cum
839 2169 944 2230 debita
974 2170 1149 2231 reverentia
1174 2190 1230 2251 per
1261 2181 1412 2249 quattuor
1443 2181 1498 2228 aut

232 2294 285 2335 sex
300 2273 410 2336 fratres
428 2276 568 2337 iuniores
581 2277 632 2336 vel
645 2276 733 2354 alias,
747 2276 772 2336 si
790 2295 871 2357 opus
884 2273 978 2336 fuerit
995 2275 1095 2336 eciam
1113 2295 1168 2356 per
1177 2276 1284 2356 plures
1293 2273 1413 2351 fratres,
1426 2292 1495 2355 per-

231 2380 384 2441 sonaliter
408 2395 438 2442 et
463 2401 527 2442 non
553 2381 708 2443 mediatas
732 2381 856 2462 aliquas
879 2401 1031 2462 personas
1055 2380 1178 2442 deferre
1196 2394 1226 2441 et
1251 2381 1418 2461 deportare
1435 2380 1495 2439 sub

233 2505 315 2567 pena
339 2487 477 2547 carentie
501 2488 605 2548 tocius
630 2487 802 2569 legationis
825 2487 897 2547 talis
919 2488 1078 2548 testatoris
1102 2485 1254 2548 defuncti.

339 2700 389 2756 De
406 2701 586 2772 processione
600 2699 739 2774 snnernli
759 2707 788 2757 et
808 2701 884 2757 circo
907 2718 968 2756 eom
991 2700 1164 2757 necessariis.

338 2837 463 2898 Deinde
487 2838 665 2915 statuimus,
689 2851 724 2899 ut
748 2838 779 2898 in
805 2838 1062 2919 processionibus
1091 2837 1239 2898 funerum
1263 2857 1389 2917 semper
1413 2837 1495 2898 iuni-

234 2962 305 3004 ores
329 2941 439 3003 fratres
463 2944 562 3003 nostri
587 2943 813 3022 thurribulum,
844 2944 1009 3005 urceolum
1039 2964 1111 3005 cum
1137 2943 1303 3005 benedicta
1336 2962 1429 3023 aqua,
1461 2962 1497 3003 ac

234 3049 335 3109 eciam
359 3048 475 3108 vexilla
499 3062 594 3129 atque
618 3048 681 3109 alia
705 3049 743 3109 ad
769 3050 1009 3131 processionem
1041 3050 1217 3112 necessaria
1250 3050 1417 3130 deportare
1442 3048 1496 3109 de-

235 3155 330 3215 beant
354 3168 384 3215 er
408 3167 501 3215 erunt
523 3154 668 3236 obligati.

338 3368 387 3424 De
406 3376 482 3440 peno
506 3367 663 3424 absentinrn
684 3369 715 3425 in
737 3369 913 3441 supradictis
928 3368 1115 3442 funeralium
1124 3369 1363 3441 processionibus.

339 3506 489 3568 Tandem
513 3507 615 3568 eciam
637 3507 798 3585 volumus,
823 3528 888 3589 quo
912 3507 1046 3588 singulis
1077 3507 1336 3588 processionibus
1369 3505 1496 3568 funera-

235 3612 320 3672 libus
359 3612 499 3674 universi
533 3612 657 3674 domini
689 3610 799 3674 fratres
831 3613 985 3691 intersint,
1017 3613 1161 3693 alioquin
1194 3615 1340 3674 absentes
1364 3627 1394 3674 er
1428 3613 1496 3674 sine

234 3717 313 3778 scitu
336 3718 459 3778 domini
484 3718 583 3779 nostri
608 3717 720 3779 decani
753 3719 948 3800 divagentes,
978 3718 1069 3779 totali
1102 3719 1325 3796 testamentali,
1359 3717 1494 3780 funerali

235 3822 385 3884 videlicet
420 3823 591 3904 legatione,
627 3824 770 3885 senciant
793 3844 825 3885 se
850 3844 917 3885 esse
953 3824 1110 3904 privatos;
1135 3824 1181 3884 illi
1214 3839 1331 3902 autem,
1368 3825 1422 3905 qui
1459 3844 1497 3885 ex

235 3929 408 3990 annuentia
432 3929 532 4010 ipsius
556 3930 679 3991 domini
704 3931 803 3990 nostri
831 3930 943 3990 decani
967 3927 1137 4006 abfuerint,
1173 3931 1279 3990 totalis
1310 3929 1496 3992 huiusmodi

236 4032 388 4094 funeralis
412 4034 627 4115 legationibus
652 4048 682 4096 et
706 4035 891 4113 elemosine,
908 4035 1040 4117 dempto
1076 4055 1142 4096 uno
1166 4035 1289 4096 floreno
1314 4056 1410 4118 quem
1427 4056 1496 4117 pre·

236 4132 472 4200 sentes'iratres
494 4141 609 4202 tollent
631 4161 689 4222 pro
714 4141 834 4220 labore,
858 4142 1027 4222 participes
1058 4154 1160 4218 erunt,
1185 4141 1223 4201 ad
1250 4161 1311 4222 que
1336 4155 1431 4224 prout
1454 4142 1494 4202 ad

235 4245 297 4306 alia
322 4245 430 4306 omnia
455 4245 624 4307 dominum
649 4246 806 4308 decanum
831 4261 975 4308 nostrum
999 4248 1148 4308 solertem
1166 4261 1197 4308 et
1217 4248 1402 4329 vigilantem
1428 4266 1496 4310 esse

236 4350 396 4428 volumus,
420 4352 536 4432 pariter
560 4366 590 4414 et
612 4353 810 4433 diligentem.
835 4354 899 4427 Qui
924 4373 1000 4414 vero
1029 4353 1234 4414 tumulationi
1259 4366 1290 4413 et
1315 4354 1493 4414 ›Placebo‹

236 4473 301 4516 non
325 4453 536 4536 interfuerint,
553 4458 664 4519 decem
680 4479 909 4541 wyennenses;
932 4458 1041 4540 vigilie
1058 4473 1164 4520 autem
1181 4478 1247 4519 non
1263 4458 1497 4538 interessentes,

217 4559 348 4621 'decem
372 4561 550 4624 solidorum
575 4563 831 4645 hungaricalium'
854 4585 936 4646 pene
960 4566 1123 4626 subiacere
1147 4564 1307 4626 volumus.
