3472 5242
506 1357 692 1468 Sequitur
720 1360 895 1445 secunda
922 1383 1021 1465 pars
1047 1361 1204 1444 statuti.

332 1590 496 1653 Premissis
519 1592 616 1674 igitur
638 1592 925 1655 constitucionibus
938 1605 970 1655 et
993 1593 1250 1656 ordinationibus
1266 1594 1306 1656 de
1320 1594 1485 1657 honestate

149 1763 152 1766 ⁴
225 1708 256 1755 et
280 1714 418 1775 morum,
435 1697 506 1758 aliis
523 1698 663 1780 denique
676 1699 819 1780 negociis
832 1713 862 1761 et
875 1699 1153 1761 observationibus
1165 1720 1203 1760 ex
1214 1700 1326 1762 ordine
1343 1701 1487 1781 exaratis,

226 1801 289 1862 iam
314 1801 353 1862 de
370 1802 487 1864 divinis
511 1817 540 1865 et
564 1805 784 1867 ecclesiasticis
800 1818 944 1867 nostrum
958 1806 1131 1887 collegium
1147 1806 1362 1888 tangentibus,
1381 1807 1485 1889 deque

227 1905 358 1968 illorum
383 1908 554 1990 diligencia
578 1911 777 1973 observanda
796 1927 827 1973 et
851 1912 1052 1994 negligencia
1077 1911 1223 1973 evitanda
1238 1913 1388 1974 duximus
1403 1912 1488 1974 ordi-

227 2013 380 2078 nandum.
406 2016 445 2077 Et
458 2017 674 2099 principaliter
689 2017 857 2099 privilegia
879 2017 1075 2079 decimarum
1092 2031 1272 2079 nostrarum
1285 2018 1326 2080 ad
1343 2038 1486 2080 mensam

227 2132 368 2181 nostram
392 2122 620 2204 prebendalem
634 2124 850 2205 spectancium
865 2123 1077 2185 deterritorio
1094 2142 1151 2184 seu
1168 2123 1311 2185 districtu
1336 2123 1486 2186 Marocha
1557 2151 1558 2154 ¹

226 2226 394 2307 provenire
408 2228 605 2308 debentium,
618 2249 677 2311 pro
701 2243 853 2312 perpetua
879 2229 922 2290 rei
936 2229 1091 2290 memoria
1115 2229 1283 2290 statuimus
1307 2230 1487 2292 inserenda.

227 2331 375 2405 Quorum
399 2346 491 2396 tenor
514 2336 657 2417 sequitur
673 2336 712 2397 de
737 2337 835 2398 verbo
859 2335 900 2397 ad
923 2336 1057 2396 verbum
1071 2347 1102 2396 et
1126 2347 1172 2397 est
1184 2335 1274 2412 talis;
1298 2349 1329 2397 et
1353 2336 1486 2418 quidem

225 2439 339 2521 prime,
364 2439 514 2502 videlicet
537 2441 661 2504 domini
685 2441 862 2504 Eberhardi
894 2441 1034 2523 episcopi
1059 2441 1148 2502 istius
1179 2441 1311 2503 ecclesie
1343 2441 1486 2523 zagrabi-

226 2545 320 2624 ensis,
345 2544 555 2608 benefactoris
577 2548 676 2609 nostri
699 2548 947 2630 graciosissimi:

330 2651 534 2714 Eberhardus
565 2653 616 2715 dei
649 2667 680 2714 et
703 2653 877 2736 apostolice
914 2652 998 2714 sedis
1031 2653 1136 2734 gracia
1174 2652 1343 2735 episcopus
1378 2672 1486 2734 zagra-

226 2758 345 2819 biensis
368 2779 404 2820 ac
426 2779 594 2841 supremus
617 2759 825 2822 cancellarius
848 2759 934 2841 regie
967 2759 1150 2820 Maiestatis.
1182 2758 1342 2820 Omnibus
1368 2758 1486 2820 Christi

225 2863 375 2926 fidelibus
398 2865 598 2947 presentibus
621 2879 652 2926 et
675 2864 799 2944 futuris,
823 2865 1018 2948 presentium
1042 2865 1188 2926 notitiam
1214 2864 1378 2944 habituris,
1402 2864 1487 2925 salu·

226 2985 289 3032 tem
316 2971 347 3031 in
372 2972 518 3033 omnium
543 2971 709 3034 salvatore.
742 2971 792 3032 Ad
825 2971 1047 3033 universorum
1080 2970 1231 3031 noticiam
1262 2969 1374 3031 harum
1407 2971 1486 3031 serie

225 3077 376 3139 volumus
400 3078 577 3160 pervenire,
603 3078 691 3160 quod
723 3098 782 3140 nos
814 3077 1051 3139 considerantes
1083 3091 1114 3137 et
1137 3077 1169 3137 in
1201 3076 1339 3138 archano
1372 3077 1487 3136 mentis

226 3198 331 3245 nostre
356 3184 463 3266 sepius
486 3185 696 3262 revolventes,
721 3184 881 3265 quamsit
905 3184 1023 3245 caduca
1048 3195 1078 3243 et
1102 3179 1224 3263 fragilis
1247 3201 1377 3264 presens
1411 3182 1485 3259 vita,

225 3304 255 3352 et
280 3291 426 3371 quamvis
449 3290 634 3352 hominibus
656 3303 780 3352 terrena
805 3289 954 3351 felicitate
986 3288 1200 3371 gaudentibus
1223 3288 1396 3370 sponsione
1428 3284 1486 3347 fal·

226 3396 286 3458 laci
312 3398 408 3479 longa
433 3398 585 3479 temporis
607 3397 771 3479 promittat
795 3396 911 3478 spacia,
930 3395 992 3459 fine
1015 3409 1122 3458 tamen
1140 3394 1302 3456 interdum
1327 3405 1486 3455 coartatur

226 3503 425 3581 brevissimo,
450 3516 480 3563 et
504 3523 578 3584 sepe
604 3503 747 3563 incautos
770 3502 811 3563 ad
835 3502 898 3563 ima
923 3502 1029 3579 deicit,
1054 3521 1135 3582 quos
1163 3520 1244 3561 vane
1268 3499 1334 3581 spei
1359 3499 1486 3560 solaciis

226 3609 439 3671 demulcebat.
454 3610 522 3670 Hac
539 3609 635 3689 igitur
651 3607 911 3669 consideracione
929 3607 1049 3667 inducti
1067 3620 1098 3667 et
1114 3605 1261 3695 diligenti
1280 3605 1485 3686 indagatione

226 3716 418 3796 reperientes
454 3714 540 3796 quod
566 3714 598 3774 in
623 3726 729 3774 nostra
761 3711 959 3793 zagrabiensi
991 3712 1135 3790 ecclesia,
1168 3711 1219 3772 cui
1249 3723 1378 3772 auctore
1413 3709 1484 3787 den,

226 3819 299 3881 licet
324 3820 484 3898 immeriti,
508 3818 716 3900 presidemus,
741 3831 845 3898 preter
873 3816 1046 3878 cottidiana
1078 3816 1226 3897 suffragia
1262 3834 1324 3897 que
1347 3835 1404 3897 per
1427 3814 1485 3876 mi-

226 3925 340 3986 nistros
365 3925 463 4006 ipsius
487 3924 617 3984 ecclesie
642 3942 699 4004 pro
724 3922 875 3983 omnibus
898 3920 1014 3984 Christi
1039 3921 1188 3984 fidelibus
1212 3922 1252 3983 ad
1286 3920 1417 3983 laudem
1434 3919 1484 3981 dei

225 4030 415 4110 generaliter
438 4028 505 4090 fieri
530 4043 771 4106 consveverunt,
787 4046 846 4109 pro
870 4027 999 4109 prelatis
1023 4043 1053 4088 et
1078 4028 1236 4110 episcopis
1267 4026 1409 4088 eiusdem
1436 4045 1485 4087 ec·

226 4136 332 4213 clesie,
356 4135 411 4216 qui
436 4155 472 4194 ex
497 4134 554 4195 hac
587 4135 650 4195 vita
682 4133 894 4212 decesserunt,
926 4134 1013 4195 nulla
1048 4153 1189 4215 unquam
1221 4132 1309 4194 fieret
1339 4131 1486 4214 specialis

226 4242 382 4302 memoria
406 4260 464 4301 nec
488 4240 594 4320 aliqua
619 4239 768 4320 suffragia
791 4253 970 4321 agerentur,
1004 4241 1069 4301 imo
1101 4239 1215 4300 exinde
1247 4251 1335 4300 metu
1368 4237 1484 4299 mentis

227 4347 362 4428 perculsi
387 4366 422 4407 ac
444 4347 608 4427 cupientes
632 4360 788 4428 quantum
811 4366 885 4408 cum
909 4346 970 4407 deo
995 4346 1181 4428 poterimus,
1204 4345 1295 4406 sicuti
1317 4356 1423 4405 nostre
1439 4343 1484 4404 sic

227 4466 258 4512 et
280 4451 509 4513 nichilominus
532 4452 793 4533 predecessorum
817 4467 848 4514 et
871 4472 1087 4514 successorum
1112 4465 1293 4513 nostrorum
1318 4450 1484 4531 episcopo-

227 4575 297 4618 rum
321 4557 416 4618 saluti
450 4558 599 4638 congruis
632 4558 783 4621 remediis
809 4557 977 4640 providere
1014 4570 1045 4619 et
1076 4557 1139 4618 vite
1174 4554 1279 4618 future
1313 4555 1485 4631 commoda

227 4661 320 4722 nobis
344 4675 374 4723 et
396 4662 518 4725 eisdem
542 4664 703 4725 bonorum
726 4676 799 4727 actu
822 4682 956 4747 operum
980 4663 1090 4724 divina
1113 4661 1291 4743 opitulante
1308 4659 1483 4722 clemencia

227 4787 407 4850 procurare.
432 4769 558 4831 Habitis
593 4769 764 4852 superinde
788 4788 926 4831 unacum
950 4766 1099 4829 fratribus
1128 4766 1254 4850 nostris,
1274 4765 1313 4826 de
1342 4764 1484 4848 capitulo
