3472 5242
644 364 718 423 Doc.
745 375 813 439 159.
840 399 877 406 —
906 368 962 424 An.
988 376 1075 439 1519.

823 590 905 657 159.

336 711 411 763 Auno
433 710 508 765 1519.
528 723 553 774 9.
573 712 742 777 septembris.
761 712 859 765 Badae.

231 820 397 880 ludovicus
419 818 471 897 ΙΙ.,
495 821 597 896 Hung.
621 830 671 882 etc.
694 840 757 897 rex,
783 822 873 881 Petro
897 823 1065 881 Berislavil
1083 824 1158 881 bano
1189 826 1307 899 eiusque
1338 825 1500 883 hominebus

427 935 512 997 vetat,
535 946 571 986 ne
592 930 665 986 cives
688 935 909 1003 mercatoresque
930 929 1130 1002 zagrabr'enses
1146 938 1293 1002 premant.

886 1049 1046 1100 Commissio
1066 1050 1175 1114 propria
1194 1050 1292 1101 domini
1313 1050 1393 1115 regis.

339 1138 526 1200 Ludouicus
562 1138 612 1199 dei
636 1138 742 1219 gracia
766 1158 820 1200 rex
852 1138 1018 1221 Hungarie
1050 1153 1081 1200 et
1115 1139 1270 1201 Bohemie
1303 1153 1361 1201 etc.
1395 1137 1499 1200 Fideli

232 1256 342 1305 nostro
366 1243 543 1306 reverendo
567 1244 599 1305 in
624 1243 753 1306 Christo
777 1244 857 1326 patri
888 1243 1021 1306 domino
1055 1245 1148 1307 Petro
1181 1245 1317 1328 Beryzlo
1347 1245 1499 1328 episcopo

233 1349 366 1412 ecclesie
391 1350 639 1431 wesprimiensis
666 1369 702 1411 ac
735 1368 908 1430 regnorum
939 1364 1121 1412 nostrorum
1157 1350 1333 1429 Dalmacie,
1365 1350 1500 1413 Croacie

235 1468 266 1515 et
290 1455 460 1517 Sclauonie
485 1458 570 1519 bano
594 1457 730 1519 salutern
747 1470 778 1520 et
794 1456 944 1537 graciam.
962 1456 1109 1519 Graviter
1132 1456 1309 1518 admodum
1333 1456 1501 1538 conquesti

232 1575 306 1622 sunt
330 1562 486 1624 Maiestati
512 1576 617 1624 nostre
642 1561 752 1623 fideles
776 1562 875 1623 nostri
900 1562 1073 1644 prudentes
1096 1577 1127 1623 et
1150 1563 1370 1644 circumspecti
1403 1561 1499 1642 judex

232 1678 264 1730 et
287 1666 380 1747 jurati
406 1669 566 1750 ceterique
591 1669 676 1730 cives
700 1682 730 1730 et
755 1668 984 1730 inhabitatores
1008 1668 1144 1729 civitatis
1169 1682 1274 1730 nostre
1307 1669 1499 1749 Montisgre-

232 1773 344 1851 censis,
368 1774 506 1855 qualiter
528 1775 588 1856 ipsi
613 1774 698 1836 cives
722 1774 820 1835 nostri
858 1773 955 1834 variis
980 1773 1115 1855 injuriis,
1147 1774 1283 1850 damnis,
1317 1773 1498 1855 oppressio-

233 1877 329 1939 nibus
352 1893 383 1940 et
407 1879 692 1941 molestacionibus
729 1899 785 1961 per
809 1898 866 1940 vos
898 1892 929 1939 et
952 1878 1099 1939 homines
1131 1892 1250 1939 vestros
1282 1877 1363 1939 adeo
1394 1875 1499 1938 affice-

232 1998 352 2064 rentur,
378 2000 412 2046 ut
446 2004 511 2047 non
547 1985 703 2048 auderent
739 1984 797 2045 tuti
834 1998 864 2046 et
895 1984 997 2045 securi
1027 1984 1187 2045 civitatem
1221 1983 1322 2064 ipsam
1358 1996 1499 2044 nostram

234 2092 319 2156 exire
343 2105 374 2154 et
397 2110 503 2172 neque
527 2111 600 2152 curn
624 2092 720 2152 rebus
743 2103 775 2150 et
797 2090 956 2151 mercibus
980 2108 1103 2167 eorum,
1120 2088 1237 2169 quibus
1254 2090 1373 2150 victum
1391 2089 1499 2169 acqui-

233 2219 302 2262 rere
326 2199 441 2276 solent,
464 2197 570 2278 gracia
595 2210 726 2278 questus
749 2209 780 2257 et
803 2195 883 2257 lucri
907 2195 947 2256 ad
972 2194 1039 2256 fora
1065 2208 1095 2256 et
1118 2194 1279 2256 nundinas
1304 2208 1335 2256 et
1367 2194 1407 2255 ad
1434 2194 1497 2256 alia

164 2297 165 2300 ¹
232 2305 304 2367 loca
328 2303 504 2366 necessaria
529 2302 691 2384 progredi,
716 2316 747 2364 et
771 2301 844 2362 licet
868 2301 1067 2362 dedissemus
1100 2299 1139 2361 ad
1165 2320 1221 2362 vos
1246 2300 1416 2382 plerasque
1440 2320 1499 2381 pro

233 2411 309 2493 ipsis
334 2409 568 2492 exponentibus
591 2408 712 2470 litteras
735 2421 858 2468 nostras
880 2407 1106 2488 preceptorias,
1132 2426 1184 2467 eas
1200 2420 1307 2467 tamen
1324 2407 1398 2467 satis
1421 2406 1498 2467 levi-

233 2528 280 2578 ter
304 2514 513 2597 accepissetis,
538 2533 644 2595 neque
676 2513 777 2575 eciam
809 2512 908 2573 modo
941 2532 959 2572 a
991 2512 1109 2573 civium
1141 2526 1323 2574 nostrorum
1355 2525 1386 2573 et
1417 2512 1500 2573 dicte

232 2621 369 2683 civitatis
392 2633 498 2682 nostre
523 2620 695 2682 vexacione
719 2619 892 2697 cessaretis,
905 2617 993 2699 quod
1011 2618 1167 2679 Maiestati
1191 2631 1297 2679 nostre
1314 2638 1378 2679 non
1397 2632 1502 2700 potest

232 2727 408 2809 plurimum
432 2744 497 2787 non
521 2724 690 2806 displicere
714 2737 745 2786 et
768 2743 806 2784 eo
832 2723 943 2804 magis,
969 2722 1057 2804 quod
1090 2722 1185 2783 vestri
1209 2721 1306 2783 officii
1332 2738 1413 2784 esset
1445 2743 1501 2784 eos

234 2831 335 2893 eciam
359 2831 399 2892 ab
423 2831 495 2892 aliis
518 2830 776 2912 quibuscumque
801 2828 1039 2911 impetitoribus
1063 2825 1239 2889 defensare.
1271 2828 1312 2888 Et
1344 2829 1499 2908 quoniam

234 2957 293 3000 nos
323 2936 414 2999 nullo
448 2936 547 2998 modo
583 2936 649 3018 pati
685 2954 856 3017 possumus
890 2953 996 3015 neque
1031 2933 1191 3011 volumus,
1224 2946 1258 2993 ut
1290 2934 1400 2994 civitas
1432 2934 1500 3015 ipsa

234 3055 340 3105 nostra
364 3062 421 3125 per
444 3060 501 3102 vos
525 3053 555 3104 et
578 3040 727 3102 homines
751 3053 871 3101 vestros
898 3038 959 3100 hoc
978 3052 1071 3120 pacto
1092 3037 1264 3116 desoletur,
1281 3058 1386 3119 neque
1411 3039 1500 3120 quod

234 3149 293 3231 ipsi
318 3148 402 3210 cives
426 3147 525 3208 nostri
548 3159 615 3208 tarn
638 3146 789 3228 gravibus
813 3160 844 3206 et
866 3144 1135 3206 intollerabilibus
1160 3143 1293 3221 injuriis,
1318 3145 1444 3205 damnis
1471 3158 1501 3206 et

234 3254 497 3338 oppressionibus
521 3249 710 3329 afficiantur,
723 3264 890 3332 propterea
914 3249 1079 3311 hortamur
1103 3262 1134 3309 et
1157 3248 1349 3328 requirimus
1365 3249 1500 3311 fidelita-

233 3373 299 3421 tem
324 3371 471 3437 vestram,
503 3357 674 3439 eidemque
711 3355 941 3417 nichilominus
976 3355 1089 3415 harum
1121 3353 1202 3414 serie
1234 3353 1365 3414 firmiter
1398 3356 1501 3416 eciam

234 3463 441 3547 precipiendo
466 3463 698 3525 committimus
722 3476 753 3522 et
776 3460 977 3539 mandamus,
1012 3472 1171 3540 quatenus
1194 3458 1312 3520 amodo
1350 3459 1501 3543 deinceps

235 3591 252 3632 a
276 3569 393 3630 talibus
418 3569 552 3647 iniuriis,
578 3568 703 3628 damnis
727 3580 757 3626 et
781 3565 1044 3648 oppressionibus
1065 3563 1196 3645 prefatis
1227 3565 1350 3626 civibus
1383 3567 1501 3628 nostris

235 3673 410 3736 inferendis
434 3695 490 3736 vos
515 3694 578 3735 una
603 3692 676 3734 cum
701 3673 811 3732 vestris
843 3671 1028 3732 hominibus
1060 3684 1091 3732 et
1121 3668 1332 3731 familiaribus
1364 3672 1500 3733 omnino

232 3780 390 3840 abstinere
413 3792 445 3840 et
467 3778 629 3854 desistere,
655 3777 754 3837 immo
779 3774 910 3836 eosdem
935 3776 1019 3835 cives
1043 3788 1178 3853 nostros,
1202 3790 1298 3856 prout
1329 3778 1424 3838 vestri
1449 3774 1499 3838 of-

235 3881 298 3944 ficii
322 3897 377 3953 est,
403 3883 505 3943 eciam
529 3883 569 3942 ab
594 3881 665 3942 aliis
688 3880 946 3961 quibuscumque
970 3879 1206 3959 impetitoribus
1229 3882 1311 3941 tueri
1336 3895 1367 3942 et
1390 3880 1502 3943 defen-

236 4008 304 4048 sare
330 3989 372 4049 ita
397 4001 428 4049 et
451 3988 556 4048 taliter
580 3986 733 4062 debeatis,
758 3997 793 4044 ut
817 3983 915 4043 iidem
940 3983 1024 4043 cives
1040 3985 1139 4044 nostri
1165 4004 1229 4045 non
1254 4000 1409 4067 cogantur
1434 4008 1502 4048 arn-

234 4091 319 4173 plius
338 4111 396 4173 pro
410 4090 595 4153 huiusmodi
613 4089 748 4166 damnis,
766 4087 890 4167 injuriis
907 4103 938 4149 et
954 4088 1216 4169 oppressionibus
1233 4090 1376 4170 ipsorum
1392 4107 1501 4154 nostre

235 4197 388 4276 conqueri
414 4195 582 4256 Maiestati.
608 4195 691 4254 Nam
715 4193 860 4273 alioquin
885 4193 968 4253 cives
986 4194 1071 4273 ipsos
1089 4208 1213 4255 nostros
1230 4196 1382 4257 omnibus
1399 4217 1501 4258 reme-

236 4300 296 4360 diis
327 4300 516 4381 opportunis
551 4313 660 4359 contra
696 4299 760 4359 vim
794 4312 929 4358 vestram
964 4297 1136 4359 defendere
1172 4301 1365 4362 curabimus.
1403 4303 1502 4365 Secus

235 4405 331 4486 igitur
354 4425 395 4466 ne
419 4402 573 4465 feceretis.
598 4404 801 4466 Presentibus
825 4405 981 4486 perlectis,
1007 4403 1167 4465 exhibenti
1192 4408 1354 4469 restitutis.
1379 4408 1500 4470 Datum

236 4509 326 4570 Bude
351 4507 428 4571 feria
461 4523 547 4570 sexta
572 4509 716 4591 proxima
740 4522 810 4591 post
835 4508 949 4571 festum
975 4509 1149 4570 nativitatis
1184 4512 1366 4573 beatissime
1400 4514 1501 4574 Marie
1559 4564 1564 4572 .

236 4613 377 4692 virginis.
402 4617 498 4675 Anno
522 4613 646 4676 domini
670 4614 844 4676 millesimo
863 4613 1129 4695 quingentesimo
1154 4614 1282 4677 decimo
1312 4636 1411 4679 nono.

342 4733 480 4804 Originale
501 4735 526 4786 ln
546 4736 645 4790 charta.
664 4735 691 4787 ln
710 4735 827 4800 margine
847 4734 967 4786 inferiori
987 4734 1145 4798 impressum
1166 4739 1207 4786 est
1226 4736 1351 4802 sigillum.
1366 4738 1393 4789 lo
1414 4740 1502 4791 archi·

236 4820 281 4871 vlo
299 4822 345 4874 lib.
365 4836 423 4892 reg.
442 4822 493 4877 clv.
512 4822 704 4889 ragrsblensis.
