3472 5242
683 360 754 419 Dor.
772 371 819 434 25.
842 390 876 399 -
895 357 951 415 An.
970 371 1057 434 1503.
1458 375 1496 437 23

237 466 548 475 ψ-
1217 463 1335 469 ———··—
1340 464 1496 471 ———-·

234 588 365 650 ecclesie
398 589 655 668 constituciones,
680 588 856 668 antiquitus
878 589 1070 663 observatas,
1094 603 1270 667 prosequar
1292 599 1323 647 et
1346 585 1497 667 prosequi

234 693 348 755 faciam
379 708 409 755 et
441 693 596 775 spondeo,
621 694 738 755 Datum
772 694 803 754 in
828 707 936 756 monte
966 691 1118 754 Grecensi
1143 691 1177 751 in
1201 689 1282 752 festo
1306 690 1390 752 beati
1415 690 1498 771 regis

235 799 397 882 Stephani.
427 805 521 862 Anno
546 800 669 861 domini
693 800 866 862 millesimo
890 797 1150 881 quingentesimo
1174 796 1285 858 tercio.

721 923 754 985 lo
779 923 941 985 Giovanni
965 920 1088 983 Pastoir
1113 920 1153 981 da
1179 920 1334 999 Firencie,
1357 919 1498 980 abitante

849 1029 880 1090 in
906 1027 1061 1109 Zagrabia
1085 1046 1182 1088 mano
1204 1026 1333 1108 propria
1357 1024 1497 1086 aiscrito.

339 1184 474 1249 originale
493 1185 518 1235 in
537 1184 676 1237 01111111
696 1186 813 1250 margine
831 1183 952 1237 inferiori
970 1185 1091 1248 impress.
1112 1184 1181 1234 anni.
1201 1182 1282 1249 sigili.
1303 1181 1332 1234 ln
1352 1183 1421 1234 areb.
1436 1195 1496 1234 ven.

234 1274 310 1337 Capit
340 1275 445 1337 zagrah.
464 1273 520 1326 1101.
541 1274 594 1337 Cap
624 1279 677 1324 ant.
697 1273 760 1324 fase.
782 1275 813 1323 10
832 1288 871 1324 nr.
892 1273 932 1324 51.

834 1573 894 1638 23.

338 1747 412 1800 Anno
435 1748 509 1811 1503,
528 1747 570 1798 23.
589 1747 709 1810 Augusti.
730 1745 757 1796 ln
776 1745 970 1797 Zenthmilrlos.

231 1927 260 1983 A
275 1928 417 2003 Joltanne
440 1926 545 1984 Punck
567 1934 595 1983 ct
617 1926 742 1983 Mcolao
772 1925 843 1983 Oscl
862 1927 975 1999 legatus
999 1925 1179 1998 Zagrobiom
1202 1926 1333 2001 mittitur,
1358 1927 1411 1999 qui
1434 1943 1497 1982 cum

224 2020 449 2106 praebendariis
470 2039 549 2104 agat,
572 2032 710 2105 quomodo
733 2033 857 2104 legatum
887 2031 1025 2105 Gregorii
1049 2032 1178 2105 parochi
1194 2033 1384 2105 gragcnensis
1406 2050 1496 2106 quam

662 2139 790 2211 primum
813 2139 852 2197 iis
875 2135 1068 2211 expendatur.

339 2295 546 2357 Honorabilis
559 2296 701 2373 domine,
719 2293 887 2376 fautorque
901 2295 994 2357 nobis
1009 2293 1207 2356 honorande.
1226 2294 1312 2369 Quia
1329 2307 1423 2376 prout
1439 2315 1498 2356 nu·

232 2403 370 2484 perrime
385 2421 457 2462 cum
475 2414 589 2462 mutuo
607 2400 725 2462 fuimus
739 2401 770 2462 in
789 2399 871 2462 facto
888 2401 1066 2463 testamenti
1081 2401 1207 2462 discreti
1224 2400 1362 2462 condam
1375 2400 1499 2463 domini

234 2507 393 2589 Gregorii,
428 2506 506 2567 olim
540 2506 669 2588 plebani
705 2507 817 2585 nostri,
841 2507 1099 2568 concluseramus
1128 2526 1186 2567 nos
1209 2505 1250 2567 ad
1274 2504 1390 2567 festum
1414 2506 1498 2568 beati

233 2612 450 2674 Bartholomei
475 2612 612 2693 apostoli
636 2611 781 2693 proxime
804 2624 976 2673 venturum
1000 2612 1087 2673 adire
1104 2612 1170 2674 Vos
1193 2611 1498 2693 Zagrabiam,nullo

233 2718 332 2781 modo
355 2737 536 2800 possumus,
561 2717 712 2798 eoquod
738 2718 796 2778 sub
821 2737 903 2799 pena
929 2716 1125 2779 infidelitatis
1149 2718 1242 2780 nobis
1266 2718 1298 2778 in
1325 2717 1408 2779 dicta
1440 2719 1498 2779 cri·

233 2825 328 2886 siensi
361 2824 394 2885 in
426 2823 645 2884 convencione
678 2823 892 2884 universitatis
928 2824 1087 2885 nobilium
1116 2825 1266 2885 interesse
1298 2823 1498 2902 debebimus,

216 2944 402 3012 ¹propterea
427 2929 650 3011 deputavimus
674 2928 713 2990 ad
739 2928 805 2990 Vos
829 2927 888 2989 hos
911 2929 1053 2990 nobiles:
1079 2928 1258 2991 lohannem
1283 2930 1443 2991 literatum
1468 2942 1499 2990 et

234 3035 411 3117 Georgium
443 3035 581 3113 labrum,
614 3034 723 3096 fratres
763 3049 898 3112 nostros,
934 3036 972 3095 de
1008 3049 1114 3096 nostra
1151 3050 1256 3096 mente
1297 3033 1497 3114 informatos,

233 3156 382 3223 rogantes
399 3141 669 3203 Dominacionem
693 3153 841 3219 vestram,
859 3141 904 3201 uti
929 3140 1097 3202 dominum
1123 3154 1154 3201 et
1177 3142 1316 3202 amicum
1342 3154 1498 3219 nostrum,

233 3260 390 3327 quatenus
423 3266 470 3324 ea,
495 3267 555 3327 que
590 3245 687 3307 iidem
720 3247 836 3307 latores
866 3248 1068 3327 presencium
1099 3260 1208 3307 nostro
1240 3247 1370 3307 nomine
1405 3247 1497 3308 vobis

233 3352 387 3414 referrent
417 3366 447 3413 et
480 3352 607 3413 credere
636 3366 666 3413 et
697 3352 729 3413 in
762 3352 845 3413 facto
876 3353 1009 3434 predicti
1040 3353 1218 3414 testamenti
1252 3352 1326 3413 dicti
1360 3351 1497 3414 condam

234 3459 356 3519 domini
375 3458 534 3538 Gregorii,
553 3479 625 3519 cum
649 3458 769 3519 eisdem
787 3479 850 3520 urta
866 3459 962 3520 talem
981 3458 1127 3520 ordinem
1145 3472 1176 3519 et
1191 3457 1289 3520 finem
1306 3458 1497 3521 concludere

233 3564 347 3642 velitis,
371 3577 466 3646 prout
489 3565 666 3625 secundum
691 3564 787 3625 deum
812 3579 842 3625 et
866 3565 934 3627 eius
959 3564 1125 3642 justiciam,
1155 3564 1247 3626 vobis
1271 3565 1386 3626 melius
1408 3565 1498 3627 recti·

235 3691 334 3751 usque
368 3670 539 3748 videbitur,
567 3685 601 3731 ut
634 3691 691 3731 nec
723 3669 789 3731 Vos
822 3691 870 3751 ea,
895 3692 956 3752 que
989 3690 1054 3731 non
1090 3684 1163 3731 sunt
1195 3670 1341 3732 debenda
1373 3672 1498 3753 petatis,

233 3795 337 3856 neque
363 3797 420 3837 nos
452 3796 581 3857 quoque
617 3796 664 3854 ea,
689 3797 752 3857 que
785 3797 859 3838 vera
884 3777 990 3838 debita
1014 3791 1129 3855 essent,
1155 3776 1361 3858 denegemus.
1385 3776 1497 3839 Valete

233 3881 377 3944 feliciter.
395 3883 440 3943 Ex
458 3882 628 3963 Gragenna
646 3882 878 3962 Zenthmiklos,
895 3881 971 3943 feria
996 3896 1107 3963 quarta
1132 3883 1276 3964 proxima
1293 3896 1365 3964 post
1382 3882 1497 3944 festum

234 3989 316 4049 beati
341 3989 423 4068 regis
447 3987 610 4068 Stephani.
641 4010 731 4070 1503.

938 4076 1100 4138 lohannes
1124 4077 1244 4138 Pwnek
1269 4077 1308 4138 de
1332 4078 1497 4139 Petrowcz

992 4196 1023 4243 et
1047 4183 1200 4244 Nicolaus
1225 4183 1302 4245 Osel
1325 4183 1364 4244 de
1389 4185 1497 4246 larno.

338 4322 372 4386 (Α
397 4322 492 4387 tergo).
520 4305 710 4366 Honorabili
735 4305 867 4367 domino
893 4306 1032 4385 Matheo,
1050 4306 1171 4367 decano
1197 4307 1404 4368 dominorum
1427 4326 1497 4388 pre-

234 4411 462 4473 bendariorum
496 4411 584 4471 chori
608 4410 739 4471 ecclesie
771 4413 996 4491 zagrabiensis,
1021 4412 1165 4491 dominc,
1198 4411 1380 4493 fautorique
1404 4413 1497 4475 nobis

234 4516 436 4579 honorande.

340 4673 476 4738 originale
496 4672 522 4725 in
541 4674 631 4739 charta
650 4674 671 4723 Α
685 4678 762 4739 tergo
776 4672 933 4739 impressum
948 4682 989 4726 est
1002 4675 1128 4740 sigillum.
1143 4672 1172 4728 In
1186 4676 1274 4726 arehiv
1295 4676 1388 4726 honor.
1402 4675 1497 4740 colleg.

236 4764 382 4815 Praebend.
