3472 5242
263 385 305 447 7⁰
690 366 764 426 Doc.
781 360 832 425 66.
852 399 894 407 —
918 362 1083 440 An41508.

263 593 288 652 si
320 613 383 673 qua
415 591 497 653 loret
530 593 610 653 inter
642 593 737 674 ipsos,
763 611 827 654 non
858 594 1014 672 obstante,
1040 594 1236 656 insinuantes
1264 596 1385 658 ibidem
1409 597 1525 676 eidem,

263 713 298 761 ut
320 699 386 760 sive
410 699 478 780 ipsa
502 699 623 760 octavis
645 699 677 759 in
696 699 877 781 prescriptis
901 718 1008 760 coram
1025 700 1116 761 dictis
1132 702 1221 781 regni
1239 703 1337 765 nostri
1356 703 1526 765 Sclauonie

264 806 354 867 banis
386 820 578 887 compareat,
603 824 789 886 novumque
822 803 978 886 judicium
1009 807 1141 888 recipiat
1171 808 1237 869 sive
1262 828 1339 887 non,
1364 809 1461 871 iidem
1486 810 1526 871 ad

264 913 361 994 partis
393 912 607 994 comparentis
639 911 825 972 instanciam
859 911 890 971 id
923 909 1040 972 facient
1064 912 1097 973 in
1120 914 1292 994 premissis,
1317 915 1404 996 quod
1429 915 1526 977 dicta·

264 1019 344 1078 verit
368 1018 448 1079 ordo
472 1017 558 1098 juris.
584 1017 624 1077 Et
647 1029 719 1098 post
743 1015 800 1078 hec
826 1016 1010 1078 huiusmodi
1033 1020 1235 1080 evocationis
1250 1035 1281 1082 et
1298 1021 1528 1084 insinuacionis

263 1125 378 1185 seriem
398 1143 471 1184 cum
491 1136 620 1184 evocate
641 1136 671 1183 et
688 1122 845 1184 insinuate
864 1122 1005 1202 nomine,
1022 1138 1148 1185 octavas
1166 1125 1204 1186 ad
1221 1127 1389 1207 predictas,
1405 1129 1526 1190 eisdem

265 1230 354 1310 regni
390 1229 488 1290 nostri
526 1229 697 1290 Selauonie
731 1230 821 1289 banis
852 1247 940 1289 more
974 1229 1069 1290 solito
1100 1232 1287 1294 rescribatis.
1324 1233 1528 1296 presentibus

265 1335 423 1417 perlectis,
451 1335 613 1397 exhibenti
645 1335 805 1396 restitutis.
834 1334 951 1395 Datum
977 1334 1066 1396 Bude
1102 1335 1180 1398 feria
1212 1338 1350 1400 secunda
1382 1340 1527 1422 proxima

265 1456 337 1525 post
368 1439 483 1503 festum
514 1442 710 1503 sanctissime
742 1441 919 1503 Trinitatis.
944 1445 1040 1503 Anno
1074 1442 1196 1504 domini
1228 1444 1402 1507 millesimo
1434 1447 1527 1527 quin-

265 1550 443 1631 gentesimo
471 1563 596 1611 octavo.

877 1636 1009 1698 Relacio
1032 1638 1174 1719 magistri
1199 1636 1339 1721 Philippi
1364 1641 1527 1723 prepositi,

938 1726 1096 1786 secretarii
1121 1727 1205 1807 regie
1230 1728 1412 1790 Maiestatis.

371 1867 507 1931 Originale
527 1868 552 1917 iu
572 1868 669 1931 charta,
681 1867 705 1917 iu
724 1866 842 1931 margine
862 1866 980 1917 inferiori
1001 1868 1157 1932 impressum
1177 1875 1218 1920 est
1237 1870 1363 1934 sigillum.
1381 1870 1408 1921 ln
1429 1872 1526 1925 archiv.

266 1955 347 2007 inelit.
365 1954 460 2009 decad.
481 1953 576 2005 Scient.
597 1952 700 2008 Slavor.
721 1955 812 2006 merid.

867 2203 929 2269 66.

371 2366 445 2416 Anno
470 2365 544 2427 1508,
565 2363 588 2418 5.
608 2363 721 2428 augusti.
742 2363 838 2414 Budae.

269 2494 407 2552 Mathiae
418 2493 519 2564 Hung.
533 2492 608 2563 regis
624 2491 744 2565 litterae,
759 2491 860 2563 quibus
875 2491 1073 2548 comresuscitati
1082 2489 1208 2548 civitatis
1220 2491 1332 2566 Deririi,
1351 2472 1528 2569 dirimeret,

267 2600 362 2673 Bitek,
393 2606 504 2671 ereptae
529 2597 726 2671 possessiones,
749 2595 877 2652 redditae
903 2603 978 2665 sunt,
1002 2614 1022 2651 a
1052 2592 1199 2653 Vladislao
1221 2615 1288 2675 rege
1310 2599 1529 2669 corfirmantur.

373 2739 440 2799 Nos
471 2735 670 2798 Wladislaus
705 2734 756 2795 dei
792 2734 898 2816 gracia
934 2754 987 2794 rex
1023 2735 1187 2815 Hungarie
1223 2748 1254 2797 et
1285 2736 1439 2797 Bohemie
1471 2751 1529 2800 etc.

269 2844 425 2907 Memoria
465 2840 730 2903 commendamus
768 2855 878 2901 tenore
917 2840 1118 2920 presencium
1153 2840 1378 2921 significantes,
1413 2843 1531 2923 quibus

268 2951 394 3033 expedit
419 2947 584 3009 universis.
609 2945 706 3020 Quod
734 2966 792 3027 pro
815 2959 903 3027 parte
927 2959 958 3007 et
981 2945 1012 3006 in
1030 2945 1172 3028 personis
1188 2945 1331 3007 fidelium
1348 2961 1530 3009 nostrorum

269 3057 462 3143 prudentum
495 3068 526 3114 et
558 3053 860 3134 circumspectorum
885 3051 999 3131 judicis
1022 3065 1053 3112 et
1076 3050 1263 3131 juratorum,
1288 3067 1530 3135 ceterorumque

269 3165 387 3227 civium
422 3182 458 3222 ac
492 3161 596 3221 tocius
630 3157 868 3219 communitatis
903 3158 1038 3219 civitatis
1072 3171 1178 3218 nostre
1214 3159 1332 3219 montis
1364 3158 1531 3221 Grecensis

269 3269 408 3332 exhibite
436 3280 509 3328 sunt
533 3264 576 3347 (et
599 3278 777 3346 presentato
802 3283 908 3325 coram
933 3276 1039 3324 nostra
1064 3264 1240 3345 Maiestate)
1264 3264 1403 3344 quedam
1427 3265 1530 3327 littere

271 3372 499 3436 donacionales
529 3370 721 3431 serenissimi
753 3369 905 3450 principis
932 3369 1069 3429 condam
1090 3368 1213 3429 domini
1236 3369 1355 3429 Mathie
1379 3370 1462 3451 regis
1484 3371 1531 3431 in·

270 3480 401 3542 mediati
426 3475 657 3559 predecessoris
681 3474 779 3534 nostri
805 3474 837 3534 in
861 3494 1067 3554 pergameno,
1092 3474 1263 3555 sigilloque
1288 3475 1431 3536 eiusdem
1456 3497 1531 3538 con-

270 3586 361 3663 lecte,
386 3584 504 3665 quibus
527 3580 743 3641 mediantibus
767 3579 852 3641 idem
877 3581 1013 3641 condam
1038 3579 1189 3640 dominus
1213 3579 1358 3662 Mathyas
1382 3601 1434 3642 rex
1458 3601 1531 3663 pos-

270 3692 426 3752 sessiones
450 3688 592 3769 ipsorum
615 3686 733 3745 civium
758 3699 940 3746 nostrorum
969 3685 1112 3766 Dedyeh,
1137 3684 1384 3765 Chernomercz,
1409 3687 1532 3769 Bythek

271 3811 302 3858 et
314 3797 437 3858 Nowak
454 3805 590 3868 vocatas,
604 3791 737 3852 omnino
755 3791 786 3850 in
805 3790 964 3851 territorio
983 3791 1065 3851 dicte
1082 3791 1217 3851 civitatis
1231 3805 1337 3852 nostre
1354 3793 1533 3871 existentes,

270 3903 404 3979 habitas,
428 3914 458 3960 et
490 3900 618 3979 insuper
646 3897 810 3978 quoddam
842 3897 959 3957 vadum
994 3897 1158 3977 Kyralrew
1189 3911 1349 3975 vocatum,
1374 3899 1404 3959 in
1434 3898 1532 3960 fluvio

273 4010 367 4068 Zawe
399 4005 543 4066 habitum
576 4017 606 4063 et
638 4002 678 4063 ad
711 4017 847 4063 castrum
872 4000 996 4062 Medwe
1030 4015 1178 4092 vocaturn
1202 4003 1375 4083 pertinens,
1399 4003 1438 4065 de
1464 4005 1533 4085 ipso

272 4127 373 4174 castro
396 4109 672 4191 sequestrandum,
690 4108 810 4169 eisdem
836 4108 957 4168 civibus
981 4107 1096 4168 nostris
1119 4122 1149 4168 et
1172 4107 1350 4189 hospitibus
1374 4109 1444 4192 (nec
1468 4130 1533 4172 non

272 4219 329 4279 toti
354 4215 575 4278 communitati
600 4215 718 4275 civium
741 4212 968 4294 predictorum)
985 4234 1021 4273 ex
1039 4215 1141 4274 causis
1158 4227 1188 4274 et
1203 4215 1386 4276 racionibus
1403 4214 1534 4277 inferius

273 4325 306 4384 in
338 4337 448 4384 tenore
477 4321 651 4381 earundem
683 4319 859 4379 litterarum
891 4319 1006 4379 clarius
1039 4320 1196 4380 contentis
1230 4333 1260 4380 et
1283 4320 1470 4401 specificatis
1493 4321 1532 4382 de

273 4447 359 4490 novo
384 4429 415 4488 in
439 4441 629 4508 perpetuum
663 4425 798 4503 dedisse,
823 4425 1023 4506 donasseque
1048 4439 1079 4486 et
1102 4426 1273 4487 contulisse
1298 4427 1534 4506 dinoscebatur,

272 4534 391 4594 tenoris
422 4530 622 4613 infrascripti.
648 4531 870 4612 Supplicatum
902 4532 1008 4612 itaque
1041 4531 1143 4592 extitit
1175 4532 1330 4592 Maiestati
1362 4545 1468 4594 nostre
1501 4533 1533 4594 in

273 4639 418 4720 personis
448 4637 637 4698 eorumdem
668 4637 792 4719 judicis,
824 4636 1000 4718 juratorum
1031 4657 1067 4698 ac
1099 4636 1320 4698 universorum
1352 4637 1470 4699 civium
1503 4651 1534 4699 et

274 4742 377 4805 tocius
397 4743 637 4804 communitatis
653 4742 735 4804 dicte
753 4743 887 4804 civitatis
903 4756 1009 4805 nostre
1026 4742 1144 4803 montis
1162 4741 1330 4803 Grecensis
1345 4741 1535 4822 humilliter,

276 4862 310 4910 ut
340 4848 467 4911 easdem
498 4849 619 4911 litteras
647 4848 722 4910 dicti
747 4841 884 4909 c'ondam
909 4847 1032 4909 domini
1058 4845 1176 4908 Mathie
1200 4845 1283 4927 regis
1307 4846 1536 4910 donacionales
