3472 5242
661 360 735 419 Doc.
752 357 802 434 67.
824 392 861 401 -
886 354 1051 433 An.15o8.
1445 376 1482 439 7¹

221 603 257 644 ac
288 582 396 644 omnia
429 596 460 643 et
489 583 615 665 singula
648 584 680 644 in
713 582 834 645 eisdem
866 597 1014 645 contenta
1045 596 1137 662 ratas,
1160 597 1266 665 gratas
1298 599 1328 647 et
1356 599 1485 668 accepta

220 688 347 766 habere,
357 688 624 774 presentibusque
641 689 753 750 litteris
770 689 886 750 nostris
902 688 1155 771 privilegialibus
1168 688 1288 772 (inseri)
1307 704 1338 752 et
1354 691 1484 752 inscribi

220 794 322 857 lacere
346 814 382 856 ac
406 794 533 857 easdem
555 814 614 876 pro
637 793 767 876 prelatis
790 795 913 856 civibus
936 808 967 856 et
990 795 1220 858 communitate
1244 795 1326 859 dicte
1349 797 1485 859 civitatis

220 916 326 962 nostre
351 901 468 962 montis
493 899 672 979 Grecensis,
688 901 888 983 presentibus
911 901 1031 963 scilicet
1055 916 1085 962 et
1110 894 1234 981 futuris,
1254 915 1363 964 nostro
1387 902 1484 984 privi-

220 1006 306 1086 legio
344 1020 499 1088 perpetuo
535 1006 686 1068 valituras
721 1006 910 1069 confirmare
946 1006 1161 1089 dignaremur.
1201 1008 1484 1089 Quarumquidem

219 1112 396 1173 litterarum
426 1125 519 1173 tenor
550 1112 622 1173 talis
645 1126 708 1174 est:
733 1111 818 1193 (vide
842 1112 915 1174 Vol.
940 1113 962 1174 l.
987 1112 1067 1175 Doc.
1092 1132 1166 1197 ²74·
1190 1113 1230 1175 de
1254 1133 1340 1175 anno
1369 1113 1484 1198 ¹47²·l·

219 1218 286 1278 Nos
317 1218 412 1299 igitur
444 1218 596 1299 premissa
629 1218 868 1299 supplicacione
892 1216 1088 1299 prefatorum
1113 1218 1242 1299 civium,
1267 1219 1431 1302 hospitum
1454 1233 1485 1282 et

221 1320 469 1385 inhabitatorum
498 1323 579 1384 dicte
603 1323 738 1385 civitatis
761 1326 867 1385 nostre
894 1324 1013 1385 montis
1037 1323 1216 1405 Grecensis,
1241 1339 1359 1404 nostre,
1383 1325 1483 1388 modo

220 1449 285 1510 quo
316 1449 421 1512 supra,
445 1443 589 1512 porrecta
617 1430 784 1508 Maiestati,
809 1430 895 1511 regia
920 1430 1114 1511 benignitate
1140 1431 1287 1493 exaudita
1311 1433 1485 1494 clementer

219 1549 250 1597 et
280 1535 418 1596 admissa
451 1536 639 1618 prescriptae
670 1536 789 1597 litteras
822 1535 1050 1597 donacionales
1082 1536 1158 1598 dicti
1190 1537 1327 1598 condam
1359 1537 1484 1599 domini

220 1638 340 1701 Mathie
373 1641 456 1721 regis
486 1659 550 1702 non
586 1642 722 1721 abrasas,
747 1660 811 1703 non
836 1641 1026 1703 cancellatas
1049 1660 1107 1703 nec
1133 1642 1165 1703 in
1189 1643 1299 1724 aliqua
1322 1644 1370 1705 sui
1394 1656 1482 1724 parte

221 1759 392 1827 suspectas,
415 1747 616 1828 presentibus
650 1747 762 1808 litteris
796 1747 912 1809 nostris
945 1746 1199 1829 privilegialibus
1233 1747 1272 1809 de
1308 1749 1406 1810 verbo
1441 1747 1482 1809 ad

218 1852 351 1912 verbum
374 1853 442 1913 sine
464 1852 684 1914 diminucione
701 1853 752 1914 vel
769 1866 944 1934 augmento
960 1852 1093 1934 aliquali
1111 1854 1243 1916 insertas
1259 1868 1290 1916 et
1307 1854 1483 1936 inscriptas,

220 1957 327 2037 quoad
362 1977 474 2019 omnes
505 1978 614 2019 earum
649 1959 875 2039 continencias,
908 1959 1067 2020 clausulas
1098 1973 1129 2021 et
1160 1960 1310 2022 articulos
1340 1973 1483 2039 eatenus,

219 2077 376 2145 quatenus
399 2065 511 2125 eedem
536 2065 593 2126 rite
615 2079 645 2126 et
665 2065 820 2146 legittime
843 2065 980 2127 existunt
997 2081 1152 2144 emanata,
1169 2067 1354 2147 viribusque
1371 2085 1482 2128 earum

217 2170 332 2230 veritas
364 2168 552 2249 suffragatur
583 2183 795 2252 acceptamus,
827 2172 1043 2252 approbamus
1074 2185 1104 2232 et
1136 2171 1328 2234 ratificamus
1359 2192 1394 2234 ac
1422 2191 1482 2253 pro

219 2275 338 2335 eisdem
373 2275 506 2353 civibus,
530 2275 710 2358 hospitibus
741 2289 772 2338 et
803 2276 1070 2338 inhabitatoribus
1101 2277 1183 2339 dicte
1216 2278 1351 2339 civitatis
1374 2291 1481 2341 nostre

219 2380 337 2441 montis
364 2380 543 2461 Grecensis,
561 2383 762 2464 presentibus
785 2384 906 2445 scilicet
929 2397 960 2444 et
984 2382 1107 2463 futuris,
1120 2385 1260 2466 presenti
1284 2397 1394 2446 nostro
1417 2385 1481 2466 pri-

219 2485 338 2568 vilegio
371 2487 559 2549 innovantes
593 2503 748 2570 perpetuo
785 2490 936 2551 valituras
967 2488 1211 2568 confirmamus;
1240 2491 1335 2552 salvis
1359 2491 1482 2571 juribus

218 2592 339 2653 alienis.
365 2593 397 2652 ln
424 2593 514 2654 cuius
544 2595 588 2654 rei
614 2595 815 2674 memoriam,
838 2595 1086 2678 firmitatemque
1110 2610 1296 2679 perpetuam
1320 2609 1483 2679 presentes

217 2696 336 2758 litteras
360 2711 482 2760 nostras
509 2714 631 2761 secreto
655 2701 762 2781 sigillo
786 2715 906 2780 nostro,
931 2722 996 2782 quo
1025 2716 1058 2763 ut
1083 2723 1136 2763 rex
1161 2702 1326 2783 Hungarie
1351 2702 1480 2782 utimur,

218 2802 414 2884 impendenti
447 2807 660 2867 communitas
692 2807 813 2868 eisdem
837 2809 960 2869 civibus
984 2823 1014 2869 et
1039 2809 1306 2870 inhabitatoribus
1330 2808 1479 2869 duximus

217 2910 448 2972 concedendas.
482 2911 599 2973 Datum
633 2913 723 2974 Bude
760 2914 792 2973 in
827 2912 968 2994 prolesto
1004 2914 1184 2975 beatissime
1218 2913 1317 2974 Marie
1349 2914 1481 2994 virginis

217 3013 257 3076 de
280 3016 363 3077 nive.
389 3020 485 3078 Anno
513 3016 636 3078 domini
662 3018 835 3080 millesimo
860 3018 1119 3099 quingentesimo
1143 3031 1267 3080 octavo.
1292 3020 1480 3100 Regnorum

217 3136 398 3182 nostrorum
432 3123 597 3203 Hungarie
629 3137 687 3184 etc.
712 3144 797 3185 anno
830 3124 957 3184 decimo
984 3137 1109 3202 octavo,
1134 3124 1288 3184 Bohemie
1322 3144 1397 3185 vero
1426 3124 1479 3184 tri-

217 3227 335 3289 cesimo
360 3241 483 3290 octavo.

495 3352 626 3413 Relacio
650 3353 814 3414 reverendi
841 3352 963 3413 domini
989 3351 1155 3413 Michaelis
1179 3352 1328 3413 Pezerew
1351 3351 1443 3413 electi

540 3455 570 3501 et
593 3440 771 3502 confirmati
796 3441 983 3520 Boznensis,
1006 3441 1164 3501 secretarii
1186 3440 1271 3521 regie
1297 3439 1479 3502 Maiestatis.
1567 3432 1568 3436 ’

321 3577 456 3642 Originale
476 3579 501 3628 in
521 3582 672 3631 membrana
691 3586 732 3631 sat
751 3582 864 3632 lacerum
884 3585 910 3630 et
928 3595 1044 3632 exesum.
1065 3578 1138 3630 Zona
1157 3580 1260 3631 sericea
1279 3580 1360 3643 rubri,
1379 3577 1434 3631 albi
1453 3584 1479 3630 et

215 3663 306 3715 viridis
326 3666 424 3716 eoloris
444 3669 576 3730 appendet
595 3668 696 3732 absque
715 3668 816 3732 sigillo.
836 3667 864 3719 ln
883 3666 980 3721 archiv.
1000 3670 1069 3719 dom.
1089 3666 1178 3719 Lavini
1198 3668 1305 3723 llorvat.

839 3971 899 4039 67.

320 4126 393 4175 huno
416 4127 490 4190 1508,
513 4129 533 4178 l.
554 4128 714 4180 novembris.
739 4127 895 4194 Zagrabiae.

219 4269 322 4325 (ortam
346 4270 436 4344 Luca,
461 4271 587 4343 episcopo
610 4272 799 4344 zagrabienst',
817 4271 983 4346 Stephanus
1005 4274 1040 4331 de
1064 4273 1193 4347 Bachyn,
1208 4274 1361 4330 canonicus
1381 4273 1475 4346 lector,

214 4376 355 4432 scedulam
371 4376 514 4449 fossionis
537 4377 645 4450 egregii
665 4378 856 4435 Balthasaris
878 4380 912 4435 de
937 4380 1013 4452 Alup
1036 4398 1055 4435 a
1077 4399 1107 4437 se
1129 4381 1189 4453 apso
1212 4380 1401 4452 depravatam
1420 4396 1479 4436 csse

768 4485 927 4558 confitetur.

327 4620 417 4698 1508.
445 4620 551 4680 Prima
583 4621 702 4681 mensis
732 4622 927 4684 novembris.
960 4621 1140 4703 Stephanus
1171 4622 1210 4682 de
1236 4622 1377 4702 Bachyn,
1400 4621 1478 4681 alias

215 4724 314 4785 lector
338 4739 368 4786 et
392 4726 564 4787 canonicus
592 4726 724 4788 ecclesie
749 4728 974 4809 zagrabiensis,
998 4747 1105 4788 coram
1129 4727 1396 4788 reverendissimo
1421 4726 1477 4788 do-

214 4829 304 4891 mino
329 4831 415 4892 Luca
439 4831 590 4913 episcopo
607 4831 751 4893 eiusdem
768 4832 912 4912 ecclesie,
928 4853 987 4894 nec
1004 4852 1069 4895 non
1086 4853 1138 4895 me
1154 4833 1280 4894 notario
1298 4845 1329 4893 et
1344 4831 1477 4892 testibus
