3472 5242
260 352 320 412 ¹54
579 284 582 289 >
678 336 750 396 Dor.
774 348 841 410 125.
864 369 905 379 -
928 338 986 397 An.
1011 333 1098 411 1516.

257 440 736 449 -—..——-——.—-——.-—-—
744 441 892 447 .--.-.

802 565 881 631 125.

360 725 436 774 Anno
458 724 532 774 1516.
551 738 642 774 meuse
659 724 743 789 Junio.
762 721 919 788 Zagrabiae.

253 849 429 919 Demetrius,
445 852 632 923 praepositus
652 869 675 911 s.
696 851 823 925 Mariae,
841 852 939 921 causei,
954 869 1041 925 quum
1057 869 1120 908 cum
1131 852 1353 924 praebendariis
1368 850 1406 911 dc
1421 854 1522 910 balneo

253 959 312 1028 egit
320 957 437 1028 arntisti,
451 957 494 1012 ad
505 957 653 1033 Thomam,
662 958 838 1014 cardinalem
848 975 883 1014 nc
890 956 1131 1031 archiepiscopum
1140 957 1364 1030 strigoniensem
1367 966 1518 1033 provocat.

360 1094 447 1155 Cum
472 1096 703 1177 appellacionis
726 1097 905 1158 remedium
930 1117 947 1158 a
971 1098 1087 1158 sanctis
1110 1099 1264 1181 patribus,
1281 1117 1443 1159 sacrorum
1468 1118 1518 1159 ca-

253 1220 377 1262 nonum
416 1201 594 1263 editoribus
633 1203 666 1264 in
704 1202 888 1264 relevamen
936 1222 1162 1284 oppressorum
1201 1204 1252 1265 vel
1294 1186 1519 1265 verosimiliter

254 1307 392 1389 opprimi
417 1305 664 1369 formidancium
699 1308 867 1370 salubriter
899 1308 939 1370 sit
963 1309 1142 1371 institutum
1179 1322 1209 1371 et
1240 1309 1460 1387 adinventum,
1485 1324 1519 1370 ut

254 1433 302 1490 ea,
326 1432 389 1493 que
413 1415 453 1474 ab
478 1412 683 1475 inferioribus
707 1414 867 1495 judicibus
891 1414 998 1475 minus
1021 1414 1102 1494 juste
1126 1414 1238 1478 fierent
1254 1430 1285 1476 et
1300 1430 1445 1496 agentur,
1462 1435 1518 1498 per

253 1519 433 1601 superiores
455 1519 538 1600 justo
562 1519 640 1601 juris
662 1520 788 1582 tramite
812 1520 845 1580 in
869 1518 985 1581 melius
1008 1534 1039 1581 et
1062 1520 1093 1581 in
1119 1533 1236 1582 statum
1252 1520 1397 1582 debitum
1420 1520 1518 1594 refor-

254 1638 416 1687 marentur
432 1624 505 1686 hinc
523 1639 579 1703 est,
593 1626 680 1707 quod
695 1644 755 1706 ego
769 1625 961 1704 Demetrius,
972 1625 1152 1707 prepositus
1168 1626 1300 1688 ecclesie
1314 1627 1404 1687 beate
1419 1627 1517 1687 Marie

253 1731 385 1812 virginis
409 1732 442 1793 in
465 1752 538 1793 area
562 1732 729 1814 capitulari
754 1731 952 1812 zagrabiensi
976 1731 1044 1810 site,
1071 1731 1104 1792 in
1127 1751 1198 1793 mea
1224 1746 1255 1793 et
1281 1733 1413 1794 ecclesie
1448 1752 1517 1795 mee

253 1835 374 1918 prefate
397 1838 542 1919 personis
566 1856 673 1900 coram
698 1838 790 1899 vobis
813 1836 953 1899 dominis
977 1838 1118 1920 capitulo
1135 1839 1267 1900 ecclesie
1291 1839 1517 1919 zagrabiensis,

253 1942 394 2004 dominis
418 1944 497 2004 meis
529 1944 771 2025 graciosissimis
806 1956 837 2005 et
858 1958 889 2005 te
913 1943 1037 2005 notario
1060 1944 1191 2025 publico
1216 1964 1350 2026 persona
1375 1944 1471 2025 legali
1488 1960 1519 2007 et

251 2049 410 2110 autentica
434 2070 469 2110 ac
493 2050 627 2112 testibus
651 2048 712 2110 hiis
736 2050 936 2132 presentibus
960 2063 991 2110 et
1014 2050 1190 2111 astantibus
1213 2051 1322 2112 animo
1347 2065 1377 2111 et
1413 2051 1517 2112 inten-

250 2155 343 2216 cione
356 2156 552 2238 provocandi
566 2169 597 2217 et
612 2155 807 2238 appellandi,
824 2154 907 2235 dico,
923 2155 1052 2237 appello
1069 2170 1099 2216 et
1115 2156 1370 2238 appellacionem
1388 2156 1514 2218 deduco

253 2261 420 2341 quomodo
445 2261 519 2322 licet
542 2261 682 2342 quedam
707 2281 800 2322 causa
824 2260 964 2343 predicte
989 2261 1121 2322 ecclesie
1154 2281 1225 2322 mee
1261 2276 1292 2322 et
1316 2281 1372 2342 per
1406 2282 1516 2324 conse-

253 2386 355 2447 quens
377 2386 448 2428 mea
472 2387 531 2449 pro
555 2382 642 2450 parte
666 2367 772 2428 balnei
799 2386 900 2449 prope
924 2367 1091 2428 ecclesiam
1116 2367 1259 2428 eiusdem
1277 2368 1369 2429 beate
1385 2368 1517 2449 virginis

252 2473 424 2534 constructi
449 2487 558 2534 contra
582 2473 732 2535 dominos
754 2472 983 2555 prebendarius
1008 2473 1095 2533 chori
1114 2472 1234 2554 prefate
1252 2474 1384 2534 ecclesie
1408 2494 1516 2555 zagra·

253 2577 371 2639 biensis
395 2579 578 2660 capellanos
601 2579 848 2640 reverendarum
873 2578 1137 2639 dominacionum
1162 2593 1336 2640 vestrarum
1364 2580 1517 2660 speciales
1591 2654 1593 2658 μ

252 2704 308 2766 per
325 2703 376 2744 me
401 2685 531 2746 nomine
556 2684 687 2746 ecclesie
712 2686 802 2745 beate
827 2684 958 2764 virginis
981 2683 1102 2767 prefate
1126 2699 1214 2746 mota
1238 2699 1318 2746 esset
1341 2699 1373 2747 et
1397 2684 1516 2764 fuisset,

252 2790 283 2850 in
309 2809 372 2870 qua
396 2811 489 2851 causa
521 2810 594 2851 cum
634 2805 718 2852 certa
742 2791 810 2870 jura
838 2804 869 2851 et
893 2810 966 2851 vera
991 2811 1026 2851 ac
1051 2790 1206 2871 legittima
1231 2790 1398 2872 privilegia
1422 2811 1517 2874 super

252 2896 462 2977 possessione,
486 2897 744 2978 proprietateque
769 2896 844 2957 dicti
870 2896 976 2957 balnei
1000 2915 1108 2957 coram
1132 2897 1243 2956 vestris
1259 2896 1442 2957 reverendis
1460 2896 1515 2957 do·

253 3002 489 3063 minationibus
512 3002 660 3081 deducta,
674 3016 783 3084 utpote
808 3001 967 3082 judicibus
984 3002 1188 3079 immediatis,
1201 3000 1333 3062 fuissent
1350 3015 1380 3062 et
1398 3002 1515 3064 extitis-

253 3122 332 3185 sent,
356 3109 388 3169 in
414 3127 477 3189 qua
499 3129 593 3170 causa
617 3109 737 3171 dictum
763 3108 915 3170 balneum
948 3107 1031 3169 dicte
1056 3107 1188 3169 ecclesie
1221 3126 1292 3168 mee
1316 3108 1444 3168 racione
1468 3109 1515 3168 in-

252 3213 413 3275 ductionis
435 3214 679 3296 privilegiorum
703 3228 734 3276 et
757 3214 943 3275 litteralium
979 3213 1269 3275 instrumentalium
1295 3212 1416 3274 dictum
1450 3214 1515 3275 bal-

251 3339 349 3382 neum
371 3321 576 3400 tangencium
600 3322 659 3403 ipsi
683 3321 815 3382 ecclesie
839 3321 931 3383 beate
955 3320 1087 3401 virginis
1112 3319 1293 3401 adjudicare
1318 3320 1517 3381 tenebamini

252 3440 283 3488 et
307 3426 346 3487 de
370 3425 438 3507 jure
462 3428 637 3505 debebatis,
671 3448 727 3488 vos
762 3440 869 3489 tamen
906 3427 1029 3488 domini
1065 3426 1129 3486 mei
1161 3425 1415 3487 reverendissimi
1449 3446 1514 3487 non

252 3546 397 3594 curantes
439 3531 624 3593 huiusmodi
664 3533 840 3615 privilegiis
879 3547 910 3594 et
947 3532 1137 3595 litteralibus
1176 3532 1394 3592 instrumentis
1432 3532 1515 3593 dicte

252 3638 384 3699 ecclesie
409 3640 499 3700 beate
524 3640 655 3719 virginis
678 3660 736 3721 pro
761 3652 848 3721 parte
881 3639 1039 3700 dictorum
1072 3639 1280 3699 dominorum
1309 3637 1515 3720 prebendari-

250 3763 343 3804 orum
367 3745 607 3826 capellanorum
631 3746 669 3806 V.
702 3745 741 3807 D.
768 3745 806 3806 R.
842 3745 1028 3826 specialium
1064 3743 1205 3805 indebite
1241 3756 1272 3804 et
1294 3743 1401 3804 minus
1434 3743 1514 3825 juste

249 3848 378 3910 tullistis
403 3862 433 3910 et
457 3848 650 3912 fulminastis
674 3851 705 3911 in
740 3870 870 3930 gravem
907 3850 989 3912 dicte
1025 3851 1158 3912 ecclesie
1193 3852 1283 3910 beate
1324 3850 1455 3930 virginis
1479 3870 1514 3911 ac

249 3974 320 4015 mee
345 3975 403 4015 nec
428 3975 491 4016 non
518 3969 676 4016 rectorum
701 3955 845 4017 eiusdem
881 3955 1013 4016 ecclesie
1038 3951 1219 4016 futurorum
1255 3974 1320 4015 non
1351 3955 1513 4017 mediocre

250 4059 404 4121 damnum
436 4075 466 4122 et
500 4061 664 4127 iacturam.
700 4061 794 4123 Unde
840 4062 984 4124 senciens
1030 4061 1185 4143 prefatam
1218 4060 1384 4121 ecclesiam
1421 4062 1512 4122 beate

250 4166 350 4253 Marie
375 4167 506 4247 virginis
530 4181 560 4228 et
585 4187 641 4249 per
663 4187 862 4248 consequens
885 4188 917 4229 se
942 4169 1047 4251 ipsum
1072 4168 1178 4229 minus
1201 4166 1281 4247 juste
1314 4180 1344 4227 et
1369 4166 1512 4227 indebite

248 4285 414 4353 gravatum
428 4271 507 4350 fore,
531 4274 571 4333 ab
593 4273 778 4335 huiusmodi
804 4274 910 4356 itaque
935 4274 1050 4354 injusta
1075 4288 1105 4335 et
1130 4273 1271 4334 indebita
1288 4272 1449 4333 sentencia
1473 4273 1513 4333 ad

249 4378 549 4439 reverendissimum
566 4379 598 4439 in
623 4378 752 4440 Christo
769 4393 890 4462 patrem
912 4394 942 4442 et
959 4380 1138 4456 dominum,
1156 4379 1325 4439 dominum
1350 4378 1513 4439 Thomam

251 4483 358 4544 divina
391 4484 600 4546 miseracione
634 4485 719 4546 tituli
751 4487 849 4547 sancti
887 4486 1015 4547 Martini
1051 4487 1082 4546 in
1116 4484 1281 4545 Montibus
1315 4497 1513 4545 sacrosancte

250 4608 382 4650 romane
406 4589 538 4651 ecclesie
562 4591 773 4672 presbiterum
805 4592 1012 4670 cardinalem,
1044 4590 1321 4672 archiepiscopum
1355 4589 1511 4670 Strigoni·

250 4714 359 4756 ensem
384 4709 414 4756 et
436 4695 576 4776 legatum
600 4697 812 4779 apostolicum
836 4696 876 4758 de
893 4699 1000 4775 latere,
1014 4696 1223 4776 eiusdemque
1245 4695 1353 4756 sedem
1371 4714 1512 4775 provoco

250 4814 281 4862 et
304 4801 432 4883 appello
456 4801 488 4863 in
512 4802 573 4864 hiis
596 4803 729 4885 scriptis,
754 4803 984 4885 appellansque
1015 4801 1131 4885 primo,
1154 4800 1307 4879 secundo,
1330 4800 1429 4862 tercio
1464 4801 1511 4861 in·
