3472 5242
261 380 324 443 228
683 377 758 434 Doc.
782 371 851 436 181.
875 409 917 419 -
940 378 996 437 Au.
1020 386 1110 452 1523.

258 608 378 670 Jacobo
402 605 525 688 phisico
550 603 635 684 regie
668 603 843 665 Maiestatis
875 616 907 664 et
938 602 1070 664 domina
1102 603 1249 685 Mylycza
1286 620 1434 667 consorte
1469 627 1526 668 sua

258 712 435 795 empcionis
466 710 561 771 titulo
600 709 789 770 litteratorie
829 721 1087 786 concernentem,
1125 708 1221 770 simul
1260 729 1333 771 cum
1373 713 1525 774 omnibus

258 818 402 881 eiusdem
427 816 503 877 novi
529 815 603 895 loci,
628 813 691 895 jam
716 827 751 876 ut
774 812 931 896 prefertur
955 834 992 874 ex
1016 814 1096 875 silva
1120 827 1152 876 et
1175 815 1325 897 vepribus
1353 817 1526 900 exstirpati,

258 924 461 1000 utilitatibus,
486 921 619 1003 juribus,
645 920 765 999 usibus,
791 918 1066 981 fructuositatibus
1090 933 1121 981 et
1146 921 1350 1002 pertinenciis
1372 923 1529 985 universis

259 1029 404 1113 providis
428 1041 459 1089 et
483 1027 628 1088 honestis
652 1027 760 1087 Marco
777 1024 925 1108 Wchych
942 1024 1029 1086 dicto
1047 1039 1077 1086 et
1095 1025 1209 1087 Vrsule
1226 1027 1365 1089 consorti
1383 1028 1528 1090 eiusdem

265 1136 311 1197 uti
336 1133 399 1216 jam
424 1133 517 1195 novis
543 1131 657 1194 incolis
681 1145 711 1193 et
736 1131 1003 1193 inhabitatoribus
1026 1131 1175 1192 territorii
1200 1131 1336 1193 civitatis
1364 1147 1470 1195 nostre
1495 1155 1536 1196 ac

260 1261 316 1323 per
340 1259 394 1302 eos
418 1239 563 1321 ipsorum
588 1238 759 1300 heredibus
783 1257 841 1319 pro
866 1236 995 1298 florenis
1030 1252 1103 1299 octo
1139 1237 1207 1298 auri
1240 1251 1271 1298 et
1302 1258 1359 1320 per
1390 1240 1529 1302 eundem

260 1347 405 1408 Marcum
430 1344 577 1426 Wchych
610 1342 733 1425 prefato
766 1343 914 1405 Emerico
946 1343 1096 1421 litterato,
1128 1358 1223 1425 prout
1253 1344 1388 1426 ipsemet
1420 1365 1528 1408 coram

260 1452 354 1513 nobis
378 1450 486 1512 retulit
508 1449 572 1531 jam
597 1449 656 1511 sibi
681 1449 776 1530 plene
800 1447 882 1509 datis
907 1462 938 1510 et
960 1448 1142 1530 persolutis,
1165 1468 1223 1530 pro
1248 1450 1413 1512 ereccione
1446 1470 1530 1513 nove

261 1557 390 1635 domus,
415 1571 449 1617 ut
472 1554 640 1637 prefertur,
665 1574 701 1615 ac
725 1553 863 1615 aliorum
897 1553 1098 1616 edificiorum
1123 1554 1320 1617 vendidisset
1355 1570 1385 1618 et
1419 1570 1532 1618 contu-

261 1662 358 1740 lisset,
383 1662 485 1723 immo
510 1661 548 1721 de
573 1679 731 1722 consensu
759 1659 855 1721 vicini
880 1659 1014 1741 predicti
1038 1659 1184 1721 vendidit
1208 1673 1239 1721 et
1262 1661 1400 1723 contulit
1424 1682 1531 1724 coram

262 1768 356 1829 nobis
380 1766 448 1848 jure
473 1780 629 1848 perpetuo
653 1779 685 1827 et
711 1765 961 1827 irrevocabiliter
986 1765 1174 1844 tenendum,
1208 1766 1454 1848 possidendum,
1478 1788 1533 1850 pa-

264 1874 339 1935 riter
370 1887 401 1935 et
435 1872 631 1950 habendum,
667 1892 703 1934 ac
738 1872 824 1933 iuxta
859 1871 1083 1933 condicionem
1121 1872 1256 1934 civitatis
1289 1886 1456 1955 prenotate
1494 1875 1534 1935 ab

263 1980 397 2060 antiquo
422 1977 665 2060 privilegialiter
688 1978 909 2059 approbatam,
933 1978 1244 2058 quomodocumque
1261 1978 1400 2040 voluerit
1426 1979 1533 2061 dispo·

264 2084 418 2146 nendum.
445 2084 479 2145 ln
504 2084 595 2146 cuius
619 2084 664 2145 rei
689 2082 892 2161 memoriam,
916 2083 1148 2169 testimonium,
1181 2082 1430 2166 firmitatemque
1464 2103 1535 2166 per-

265 2204 395 2272 petuam
420 2189 622 2271 presentibus
645 2189 789 2269 sigillum
813 2202 958 2250 nostrum
983 2208 1155 2250 commune
1173 2188 1327 2250 duximus
1349 2190 1536 2271 imprimen-

266 2295 356 2357 dum.
384 2295 503 2356 Datum
528 2292 607 2356 feria
630 2294 726 2355 tercia
751 2294 897 2375 proxima
922 2308 994 2355 ante
1017 2292 1133 2356 festum
1167 2294 1369 2356 sacratissimi
1395 2296 1538 2377 corporis

268 2400 399 2462 Christi.
424 2405 522 2463 Anno
547 2400 672 2462 domini
696 2399 869 2461 millesimo
894 2400 1155 2481 quingentesimo
1181 2400 1338 2482 vigesimo
1362 2401 1471 2462 tercio.

374 2539 512 2603 Originale
533 2540 557 2590 in
588 2540 746 2590 menbrana.
775 2543 798 2588 Α
817 2542 895 2604 tergo
916 2539 1082 2604 impressum
1109 2545 1151 2591 est
1180 2540 1297 2604 sigillum
1326 2541 1479 2592 communis.
1509 2540 1536 2590 ln

269 2626 369 2680 archiv.
390 2627 475 2683 incllt.
493 2627 590 2680 decad,
609 2626 704 2678 scient.
724 2624 828 2678 Slavor.
848 2626 940 2678 merid.

873 2909 950 2975 181.

375 3069 450 3121 Anno
471 3068 546 3121 1523.
567 3070 591 3120 8.
609 3068 677 3134 julii.
697 3067 795 3119 Budas.

275 3198 437 3256 Patrooino
460 3206 489 3254 et
509 3176 696 3272 tiiljokooino
722 3193 949 3269 possessionibus
983 3198 1182 3253 communitati
1210 3197 1336 3253 civitatis
1358 3195 1541 3270 oilj'udimtis,

275 3304 436 3362 ludovicus
460 3304 514 3378 ll,
539 3304 642 3376 Hung.
661 3311 710 3362 etc.
733 3321 796 3377 rex,
813 3303 938 3375 capitulo
961 3301 1092 3371 mandat,
1109 3310 1143 3358 ut
1163 3302 1390 3359 conomunitotem
1415 3302 1541 3358 civitatis

777 3409 807 3465 r'n
831 3408 905 3464 bona
928 3408 1054 3467 inducat.

384 3547 570 3609 Ludouicus
594 3547 645 3609 dei
670 3547 776 3628 gracia
800 3567 853 3608 rex
879 3547 1045 3627 Hungarie
1063 3560 1094 3607 et
1115 3545 1269 3607 Bohemie
1295 3559 1353 3607 etc.
1378 3545 1545 3606 Fidelibus

279 3653 397 3713 nostris
421 3653 562 3734 capitulo
587 3653 719 3714 ecclesie
745 3653 959 3733 zagrabiensis
980 3652 1116 3713 salutem
1142 3666 1172 3713 et
1195 3651 1346 3731 graciam.
1372 3651 1543 3728 Noveritis,

281 3758 311 3818 in
337 3757 536 3819 discussione
560 3773 592 3819 et
615 3758 761 3819 examine
793 3757 959 3819 cuiusdam
992 3779 1085 3818 cause
1110 3759 1191 3819 inter
1221 3777 1408 3839 generosam
1443 3756 1545 3818 domi-

283 3882 357 3922 nam
383 3862 617 3943 Margaretham
642 3861 785 3923 relictam
818 3862 977 3942 magnifici
1003 3863 1140 3924 condam
1173 3862 1328 3924 iohannis
1360 3862 1474 3944 Banffy
1507 3861 1546 3922 de

285 3967 462 4044 Bolondus,
498 3967 596 4028 liliam
621 3966 770 4028 videlicet
803 3967 963 4048 magnifici
1001 3969 1078 4029 olim
1116 3967 1270 4030 iohannis
1308 3969 1473 4050 Hennyng
1508 3966 1548 4027 de

283 4071 493 4133 Zomzedwar
517 4086 552 4133 ut
575 4072 724 4133 actricem
749 4073 788 4133 ab
814 4092 887 4152 una,
912 4093 947 4134 ac
981 4073 1168 4155 magnificos
1200 4074 1379 4135 lohannern
1416 4071 1548 4152 Dragffy

288 4176 327 4236 de
364 4176 529 4238 Belrhewk
562 4176 686 4259 pridem
720 4178 907 4258 magistrum
942 4178 1200 4240 thavernicorum
1235 4192 1428 4255 nostrorum,
1463 4197 1548 4238 nunc

285 4301 360 4342 vero
394 4283 545 4344 comitem
582 4282 847 4345 Themesiensem
881 4298 911 4346 et
945 4285 1089 4366 parcium
1123 4283 1310 4345 inferiorum
1347 4283 1549 4365 capitaneum

284 4387 467 4466 generalem
491 4388 531 4448 ab
555 4387 671 4466 altera,
688 4402 719 4451 et
744 4389 873 4452 Petrum
891 4390 1053 4472 Erdewdy
1069 4389 1109 4450 de
1126 4390 1380 4472 Monyarokerek
1405 4408 1422 4449 a
1451 4389 1548 4449 tercia

286 4491 440 4572 partibus,
472 4493 600 4556 racione
624 4507 655 4556 et
683 4507 830 4576 pretextu
861 4495 1083 4558 universorum
1116 4507 1302 4572 castrorum,
1335 4493 1549 4571 castellorum,

287 4595 492 4677 oppidorum,
509 4599 670 4680 villarum,
687 4600 873 4683 prediorum
896 4620 932 4662 ac
950 4600 1169 4682 quorumlibet
1192 4599 1310 4680 jurium
1334 4599 1549 4681 possessiona-

287 4701 408 4762 riorum
432 4704 592 4786 magnifici
615 4705 753 4768 condam
778 4705 918 4785 Andree,
934 4705 992 4768 filii
1016 4705 1092 4767 dicti
1117 4705 1196 4767 olim
1214 4703 1368 4766 lobannis
1384 4703 1550 4786 Hennyng

289 4804 424 4869 ubilibet
444 4798 661 4888 adjacentium
686 4828 792 4874 coram
816 4823 924 4873 nostre
948 4809 1108 4892 personali
1125 4809 1291 4892 presencia
1314 4821 1401 4871 mote
1425 4820 1457 4870 et
1480 4826 1548 4869 ver·
