3472 5242
280 357 338 398 roo
701 338 775 395 Doc.
797 350 848 413 93.
872 369 915 379 —
938 337 993 396 An.
1017 348 1102 411 1511.

274 562 418 624 remedio
442 561 622 643 providere,
647 574 742 642 atque
771 561 957 623 huiusmodi
981 575 1080 623 terras
1104 575 1134 623 et
1158 575 1258 624 metas
1281 563 1459 625 eorundem
1482 583 1538 625 ex·

273 670 468 752 ponencium
492 689 549 751 per
573 668 675 729 dictos
698 668 917 729 marchionem
941 681 972 729 et
992 668 1168 750 capitulum
1184 669 1390 750 zagrahiense
1408 681 1438 730 et
1454 668 1535 730 alios

274 775 399 836 nobiles
422 775 545 836 vicinos
575 773 666 835 reddi
691 788 721 835 et
745 775 862 835 remitti
887 773 990 835 lacere
1013 774 1229 856 dignaremur.
1255 779 1394 857 Accepta
1418 775 1539 857 suppli-

274 881 403 943 cacione
428 880 586 941 dictorum
612 880 847 962 exponencium
872 880 964 941 nobis
987 879 1158 961 superinde
1175 893 1330 963 porrecta,
1346 880 1539 943 mandamus

273 986 418 1049 fidelitati
450 1000 503 1047 tue
536 986 648 1047 harum
680 986 760 1046 serie
794 984 935 1064 firmiter,
968 999 1126 1066 quatenus
1156 988 1293 1068 acceptis
1323 987 1536 1069 presentibus,

273 1092 424 1154 adhibitis
456 1106 486 1152 et
515 1090 673 1152 accersitis
696 1111 795 1173 penes
818 1104 848 1151 te
871 1092 964 1152 certis
988 1092 1097 1173 probis
1121 1106 1151 1153 et
1174 1092 1338 1154 nobilibus
1361 1092 1446 1171 viris,
1470 1111 1540 1173 pre·

273 1200 382 1260 sertim
406 1198 520 1259 vicinis
543 1211 574 1258 et
598 1196 828 1258 commetaneis
852 1196 1039 1258 earumdem
1063 1197 1199 1259 civitatis
1228 1198 1346 1259 montis
1370 1195 1540 1259 Grecensis

273 1320 304 1366 et
334 1304 410 1366 ville
443 1303 591 1381 Hrastha,
616 1315 711 1383 atque
742 1302 931 1384 prescriptas
961 1317 1059 1364 terras
1092 1315 1122 1363 et
1151 1317 1251 1364 metas
1276 1303 1431 1384 litigiosas
1454 1302 1540 1364 iuxta

274 1411 509 1472 continenciam
533 1410 709 1470 litterarum
734 1409 938 1489 antiquarum
963 1409 1130 1470 metalium
1155 1421 1362 1490 utrarumque
1386 1408 1540 1490 parcium,

273 1518 297 1578 si
322 1536 401 1598 quas
424 1529 528 1598 partes
551 1515 618 1597 ipse
640 1534 747 1576 coram
770 1528 800 1575 te
822 1515 1040 1597 produxerint,
1061 1527 1156 1596 atque
1173 1516 1274 1576 eciam
1290 1501 1537 1596 inquisicionem

273 1635 304 1683 et
323 1623 563 1684 attestacionem
581 1620 740 1682 dictorum
760 1620 939 1681 vicinorum
957 1633 988 1682 et
1003 1634 1310 1698 commetaneorum,
1329 1620 1540 1698 reambulare,

274 1728 478 1811 complanare
503 1741 534 1788 et
557 1725 740 1802 rectificare,
765 1740 796 1787 et
819 1725 949 1787 tandem
974 1746 1069 1809 super
1093 1726 1246 1808 premissa
1270 1738 1324 1787 tua
1348 1726 1540 1787 execucione

273 1834 395 1896 eisdem
419 1834 563 1916 partibus
587 1834 706 1894 litteras
730 1832 923 1893 necessarias
948 1846 979 1893 et
1002 1845 1200 1914 opportunas
1222 1834 1281 1893 sub
1306 1831 1414 1913 sigillo
1434 1832 1539 1893 banali

274 1940 349 2020 dare
368 1917 499 2001 'debeas
536 1953 566 2000 et
594 1939 740 2001 tenearis.
767 1939 866 2000 Secus
888 1957 954 2000 non
978 1936 1128 2000 facturus.
1153 1936 1358 1998 Presentihus
1381 1937 1539 2019 perlectis,

273 2047 434 2107 exhibenti
457 2045 617 2106 restitutis.
640 2046 757 2105 Datum
779 2043 869 2105 Bude
893 2044 1026 2105 sabbato
1047 2043 1194 2125 proximo
1220 2055 1291 2125 post
1307 2040 1423 2103 festum
1439 2062 1539 2103 sacra·

273 2152 386 2212 tissimi
420 2152 562 2233 corporis
595 2149 724 2212 Christi.
760 2154 856 2210 Anno
893 2148 1037 2210 eiusdem
1075 2148 1248 2212 millesimo
1280 2147 1539 2229 quingentesimo

274 2258 457 2319 undecimo.

895 2360 1028 2422 Relacio
1052 2359 1193 2441 magistri
1218 2358 1349 2441 Phillipi
1373 2359 1539 2441 prepositi,

941 2448 1100 2510 secretarii
1124 2447 1210 2528 regie
1236 2447 1418 2509 Maiestatis.

381 2608 518 2675 originale
538 2609 563 2658 in
584 2608 683 2661 charta.
700 2607 727 2657 ln
747 2606 864 2671 margine
883 2604 1002 2657 interiori
1019 2605 1176 2669 impressum
1191 2609 1232 2655 est
1251 2604 1377 2670 sigillum.
1397 2603 1424 2654 ln
1439 2603 1536 2654 archiv.

275 2698 321 2749 lib.
341 2712 396 2763 reg.
416 2696 466 2749 aiv.
486 2698 593 2761 zagrab.

840 2993 842 2996 ·
884 2961 945 3027 93.

380 3120 454 3170 Anno
477 3119 551 3184 1511,
573 3121 612 3171 19.
630 3117 698 3184 julii.
718 3117 827 3169 Rornae.

268 3248 372 3324 Julius
407 3247 448 3306 II.
476 3254 560 3320 papa
590 3246 743 3320 praecipit,
777 3252 811 3302 ut
842 3245 1009 3301 mandatum
1040 3264 1122 3302 suum
1156 3244 1190 3303 de
1224 3243 1338 3303 ecclesia
1368 3249 1541 3320 parochiali

273 3372 294 3413 s.
326 3353 454 3410 Emerr'cr'
487 3354 517 3408 in
551 3353 672 3424 capituli
704 3369 775 3408 arca
809 3348 954 3408 diruenda
986 3359 1071 3426 atque
1102 3352 1136 3409 de
1158 3353 1304 3425 parochia
1336 3354 1366 3408 in
1396 3353 1537 3412 desertam

476 3459 680 3516 monasterium
702 3457 893 3514 Ci'stercr'tensc
915 3458 1143 3530 transportando
1161 3465 1333 3531 peragatur.

380 3596 482 3657 Julius
517 3616 598 3678 papa
630 3595 799 3658 secundus.
835 3596 949 3658 Dilecti
985 3595 1054 3675 filii,
1089 3597 1225 3658 salutem
1262 3610 1292 3658 et
1329 3597 1538 3679 apostolicam

276 3701 545 3763 benedictionem.
587 3701 744 3762 Mittimus
776 3703 868 3762 vobis
903 3702 1170 3784 supplicationem
1206 3703 1405 3784 presentibus
1442 3704 1538 3764 intro-

276 3807 407 3885 clusam,
440 3827 537 3867 manu
575 3806 683 3868 dilecti
718 3805 775 3867 filii
811 3808 909 3869 nostri
947 3809 979 3869 P.
1013 3808 1183 3869 cardinalis
1213 3809 1311 3870 sancti
1344 3810 1474 3871 Eusehii
1506 3809 1538 3870 in

274 3913 438 3995 presencia
469 3927 575 3974 nostra
611 3913 778 3995 signatam,
811 3913 1025 3994 volumusque
1056 3927 1086 3975 et
1117 3914 1208 3975 vobis
1241 3915 1470 3977 committimus
1504 3934 1539 3976 ac

275 4018 466 4079 mandamus
500 4032 534 4080 ut
568 4038 626 4079 vos
661 4018 711 4079 vel
742 4019 821 4080 alter
852 4032 1003 4098 vestrum,
1035 4019 1156 4081 vocatis
1186 4020 1351 4099 vocandis,
1382 4021 1422 4082 ad
1454 4020 1539 4081 illius

276 4125 501 4185 execucionem
531 4125 711 4206 procedatis
739 4125 824 4185 iuxta
846 4125 989 4186 eiusdem
1015 4126 1249 4187 continenciam
1277 4141 1307 4188 et
1332 4127 1538 4208 signaturam.

277 4231 394 4292 Datum
426 4231 529 4291 Rome
562 4230 646 4313 apud
678 4253 702 4293 s.
728 4230 857 4292 Petrum
890 4233 948 4292 sub
982 4232 1103 4293 annulo
1136 4232 1313 4314 piscatoris,
1339 4231 1390 4293 die
1415 4232 1537 4292 decima

275 4356 360 4397 nona
385 4337 471 4398 lulii.
495 4341 591 4398 Anno
616 4336 739 4398 domini
765 4337 936 4400 millesimo
954 4338 1212 4419 quingentesimo
1230 4337 1413 4399 undecim0.
1430 4337 1538 4398 Ponti-

276 4441 386 4504 ficatus
410 4445 508 4504 nostri
533 4463 618 4505 anno
643 4457 766 4505 octavo.

381 4583 401 4634 E
428 4598 529 4637 coaevo
554 4589 720 4649 transumpto
745 4585 847 4636 alberti
872 4584 961 4636 Kasuh
987 4585 1134 4649 praepositi
1154 4587 1261 4650 zagrab.
1281 4589 1308 4636 et
1325 4584 1445 4636 Andreae
1463 4598 1539 4648 prae·

274 4672 357 4737 positi
377 4671 549 4723 chasnensis.
568 4672 595 4722 ln
614 4670 712 4725 archiv.
732 4687 791 4726 ven.
811 4672 905 4738 Capit,
924 4675 1031 4739 zagrab.
