3472 5242
248 339 288 401 30
687 324 760 384 Doc.
774 337 829 400 31.
847 357 889 367 -
905 323 963 386 An.
983 338 1071 404 1504.

247 546 428 610 humillime
451 547 652 630 supplicavit,
675 562 833 630 quatenus
857 550 896 611 de
917 552 1061 614 remedio
1079 567 1263 635 opportuno
1281 557 1327 618 eis
1342 559 1510 640 providere

248 653 463 737 dignaremur.
489 653 609 717 ldcirco
640 673 700 716 uos
731 655 964 718 committimus
995 671 1026 718 et
1058 657 1259 740 mandamus,
1283 664 1372 744 quod
1403 666 1511 727 nullus

248 758 286 822 dc
310 774 416 823 cetero
449 759 566 822 audeat
590 759 663 822 vina
694 760 875 824 conducere
899 762 978 823 intra
1011 777 1111 825 metas
1141 765 1255 847 prefati
1288 768 1428 848 claustri,
1452 790 1511 832 nec

247 866 386 931 vendere
410 867 491 928 intra
524 879 612 948 septa
636 880 667 928 et
690 866 799 929 hortos
831 868 886 929 ubi
918 882 964 929 est
988 882 1120 950 puteus;
1149 872 1271 953 siquis
1301 888 1409 937 autem
1431 896 1511 938 ausu

247 973 417 1035 temerario
448 973 481 1034 in
513 972 663 1055 predictis
694 971 781 1034 festis
805 973 916 1035 vinum
944 974 1113 1038 adduxerit
1136 991 1166 1038 et
1190 981 1386 1042 ammonitus
1410 994 1509 1043 extra·

248 1079 363 1142 ducere
395 1080 545 1158 noluerit,
569 1092 684 1140 extunc
715 1079 806 1142 vobis
835 1078 985 1143 fidelibus
1016 1083 1131 1144 nostris
1163 1085 1300 1167 egregiis
1331 1087 1511 1149 castellanis

249 1186 340 1248 castri
365 1186 464 1248 nostri
489 1185 615 1248 Medwe
640 1185 840 1268 presentibus
864 1200 896 1249 et
919 1185 1032 1248 luturis
1048 1187 1162 1251 harum
1179 1191 1258 1252 serie
1276 1190 1408 1255 firmiter
1425 1213 1512 1255 com·

249 1293 405 1354 mittimus
429 1306 461 1354 et
482 1291 684 1371 mandamus,
709 1306 744 1353 ut
774 1291 885 1353 vinum
910 1293 954 1354 sic
978 1292 1152 1356 adductum
1177 1316 1240 1358 una
1265 1317 1338 1359 curn
1363 1319 1457 1361 curru
1481 1313 1513 1361 et

249 1399 442 1461 animalibus
466 1399 534 1460 sine
558 1399 666 1480 aliqua
698 1418 753 1480 spe
776 1399 991 1460 restitucionis
1021 1401 1160 1483 recipere
1185 1401 1338 1466 debeatis.
1363 1405 1397 1466 ln
1423 1405 1513 1467 cuius

249 1505 294 1568 rei
318 1504 426 1584 fidem,
449 1520 701 1589 perpetuamque
726 1503 907 1568 firmitatem
925 1517 1089 1588 presentes
1103 1508 1223 1570 litteras
1239 1525 1373 1590 nostras,
1391 1511 1512 1593 sigillo·

249 1632 312 1694 que
337 1627 456 1691 nostro,
474 1631 539 1693 quo
557 1612 687 1691 utimur,
705 1611 906 1694 consignatas
923 1612 1081 1676 dedimus.
1099 1614 1218 1676 Datum
1235 1616 1267 1677 in
1285 1631 1387 1680 castro
1404 1631 1513 1680 nostro

250 1718 388 1797 Medwe,
405 1717 456 1779 die
481 1718 613 1781 sabatho
636 1718 783 1800 proximo
807 1733 880 1800 post
903 1717 1019 1780 festum
1043 1722 1276 1803 assumpcionis
1300 1725 1391 1786 beate
1412 1724 1513 1785 Maris

250 1825 392 1906 virginis.
416 1829 512 1886 Anno
536 1823 660 1886 domini
685 1824 857 1886 millesimo
881 1825 1140 1907 quingentesimo
1165 1841 1290 1908 quarm.

355 1964 392 2018 lv.
412 1962 575 2032 Kukuljevid.
595 1965 677 2016 Arkiv
696 1979 728 2016 za
746 1965 861 2031 povjest.
878 1963 1011 2031 jugoslav.
1031 1965 1087 2032 Kuj.
1108 1964 1164 2033 ΙΙΙ.,
1183 1981 1244 2032 pag.
1267 1970 1411 2020 tos-104.

856 2246 911 2312 sl.

356 2408 430 2459 Anno
452 2406 526 2467 1504,
545 2404 587 2457 28.
606 2405 726 2470 Augusti.
746 2403 901 2470 Zagrabiae.

251 2553 385 2611 Andreas
414 2571 436 2610 s.
468 2547 626 2623 theologiae
656 2549 754 2608 doctor
782 2567 817 2606 ac
845 2550 971 2607 vicarius
1000 2551 1130 2609 ecclcsiae
1158 2551 1363 2623 zagrabiensis,
1390 2552 1514 2610 mancat

260 2661 403 2732 Gregorio
427 2656 557 2730 parocho
579 2656 713 2730 siscitari,
737 2662 772 2712 ut
791 2656 1084 2715 excommunicatione
1106 2656 1243 2714 mint'tons
1265 2658 1394 2715 Paulum
1417 2658 1523 2716 Kunil

252 2764 405 2822 adraoncat
425 2762 468 2818 ad
478 2760 705 2836 persolvendum
729 2761 853 2833 legatum
869 2778 889 2816 a
900 2761 1043 2820 Mothaco
1059 2760 1207 2821 Bmmnil
1223 2764 1282 2820 cive
1289 2764 1513 2837 praebendariis

803 2867 968 2940 ascriptum.

363 3004 509 3069 Andreas
530 3004 657 3082 artium,
678 3003 880 3066 decretorum
904 3018 935 3066 et
958 3025 1045 3066 sacre
1068 3005 1230 3088 theologie
1252 3006 1374 3086 doctor,
1397 3020 1517 3085 cantor,

252 3113 424 3176 canonicus
455 3125 486 3172 et
516 3109 651 3171 vicarius
682 3110 813 3171 ecclesie
845 3111 1059 3191 zagrabiensis
1092 3112 1124 3172 in
1149 3113 1378 3194 spiritualibus,
1404 3132 1512 3174 causa-

251 3239 388 3301 rumque
412 3217 538 3280 auditor
561 3216 728 3297 generalis.
753 3216 787 3276 ln
809 3214 937 3279 Christo
962 3217 1054 3278 nobis
1078 3218 1199 3280 sincere
1224 3218 1353 3297 dilecto,
1378 3217 1516 3279 discreto

251 3325 385 3388 domino
410 3323 567 3405 Gregorio
591 3322 729 3405 plebano
750 3322 938 3404 Zytlrecensi
963 3323 1098 3385 salutem
1122 3324 1155 3384 in
1180 3323 1315 3385 domino
1340 3338 1370 3385 et
1394 3324 1510 3385 uostris

253 3431 384 3492 firmiter
414 3430 544 3492 obedire
581 3427 749 3491 mandatis.
774 3428 943 3506 Noveritis,
979 3429 1067 3509 quod
1104 3430 1179 3511 quia
1211 3429 1364 3512 providus
1397 3429 1516 3490 Paulus

254 3537 400 3619 Kwnych
424 3536 463 3596 de
488 3534 645 3617 Dwsycha
669 3547 778 3596 contra
801 3547 832 3595 et
855 3534 1006 3596 adversus
1030 3534 1182 3596 discretos
1206 3534 1357 3597 dominos
1380 3537 1516 3618 preben-

255 3643 361 3705 darios
392 3641 479 3703 chori
519 3640 651 3703 ecclesie
686 3639 900 3720 zagrabiensis
932 3659 969 3700 ex
1002 3654 1191 3702 testamento
1227 3640 1365 3702 condam
1398 3640 1518 3702 Mathie

255 3747 449 3829 Brumnych,
462 3746 596 3808 senioris
616 3744 730 3826 judicis
754 3745 887 3806 civitatis
903 3745 1193 3826 Montisgrecensis,
1210 3746 1367 3829 legittima
1384 3746 1515 3808 accione

255 3868 286 3915 et
316 3854 384 3914 eius
415 3852 605 3914 execucione
635 3850 836 3933 precedente,
867 3851 899 3911 in
929 3851 1067 3913 sedecim
1092 3852 1220 3913 florenis
1243 3853 1312 3914 auri
1336 3866 1368 3914 et
1391 3865 1514 3934 septem

253 3959 359 4041 porcis
382 3959 561 4020 minoribus
584 3958 616 4018 in
641 3957 714 4017 sede
739 3969 845 4017 nostra
869 3956 1032 4038 Judiciaria
1061 3958 1226 4019 convictus
1250 3958 1352 4020 extitit
1375 3972 1406 4020 et
1429 3957 1512 4019 obli-

254 4078 356 4145 gatus.
373 4063 435 4126 Cui
460 4083 515 4145 per
539 4083 598 4124 nos
621 4082 659 4124 ex
681 4062 841 4124 sentencia
866 4075 972 4124 nostra
996 4063 1234 4125 interlocutoria
1259 4063 1298 4124 de
1319 4077 1387 4125 toto
1404 4063 1513 4123 huius·

254 4169 344 4231 modi
368 4170 476 4231 debito
500 4188 600 4249 usque
625 4166 741 4230 festum
765 4168 849 4229 beati
873 4169 956 4250 regis
980 4169 1131 4251 Stephani
1158 4171 1301 4252 proxime
1320 4169 1516 4251 preteritum,

256 4295 319 4337 uua
351 4294 423 4336 cum
454 4275 599 4356 expensis
631 4273 730 4354 factis,
760 4274 881 4336 eisdem
915 4274 1054 4336 dominis
1085 4275 1304 4358 prebendariis
1336 4273 1515 4335 satisfacere

256 4381 527 4442 commiseramus.
568 4380 694 4441 Tamen
730 4381 796 4462 ipse
832 4381 951 4442 Paulus
986 4381 1132 4464 Kwnych
1167 4379 1353 4441 huiusmodi
1388 4380 1516 4441 termini

256 4487 430 4549 solucionis
461 4487 560 4569 ipsius
592 4486 691 4548 debiti
723 4487 817 4548 surda
841 4507 916 4548 aure
944 4487 1208 4570 pertranseundo,
1232 4485 1355 4546 eisdem
1379 4484 1519 4546 dominis

255 4592 474 4676 prebendariis
498 4593 631 4655 omnino
653 4592 833 4655 satisfacere
849 4594 990 4676 neglexit
1005 4613 1063 4656 nec
1080 4612 1154 4655 cum
1170 4591 1292 4656 eisdem
1308 4588 1519 4652 amicabiliter

256 4717 449 4780 componere
472 4698 610 4775 curavit3
634 4698 803 4763 dileccioni
835 4699 931 4782 igitur
954 4714 1056 4762 vestre
1081 4699 1114 4761 in
1136 4698 1251 4759 virtute
1269 4695 1417 4758 salutaris
1440 4695 1516 4756 obe-

255 4804 379 4866 diencie
403 4819 434 4868 et
464 4806 522 4868 sub
546 4806 890 4870 excommunicacionis
919 4825 1003 4888 pena
1026 4804 1139 4868 harum
1169 4804 1250 4868 serie
1279 4799 1509 4865 committimus
