3472 5236
227 350 289 432 316
632 349 751 409 Stantia
775 350 1070 408 praebendariorum.

331 581 405 639 Post
417 583 527 657 festum
550 584 629 640 beate
657 581 761 641 Ursule
781 581 820 652 fit
833 589 891 654 pro
913 578 1049 653 episeopis
1071 577 1215 654 defunctis
1230 578 1337 654 (quiin
1357 578 1507 637 districtu

225 695 254 746 et
274 689 421 746 terniano
444 689 478 747 de
500 689 667 747 Moranehn
689 689 811 746 decimas
841 685 986 746 dederunt
1006 695 1034 745 ei
1055 704 1218 744 consensum
1241 685 1284 742 ad
1310 685 1427 744 easdem
1453 685 1509 743 do·

225 795 311 852 minis
335 794 542 853 prebendariis
564 795 646 852 chori
666 794 780 852 ecclesie
801 793 1022 869 sograbicnsis),
1047 794 1179 851 solemnis
1206 794 1335 865 peractio
1358 792 1509 866 quomodo

224 899 381 958 decantari
400 909 428 958 et
453 902 558 976 perfici
577 900 684 960 debeat.

331 1043 425 1101 Anno
450 1039 575 1102 domini
599 1039 773 1101 millesimo
798 1039 1058 1120 quingentesimo
1083 1052 1207 1120 quarto,
1239 1035 1379 1099 infesto
1415 1038 1509 1098 beati

226 1143 381 1206 iohannis
405 1159 476 1206 ante
501 1160 626 1227 portam
651 1145 794 1214 latinam,
817 1145 857 1205 ad
889 1164 1006 1206 sonum
1030 1164 1184 1225 campane
1215 1143 1319 1220 solite,
1353 1142 1509 1204 universi

227 1248 350 1312 domini
375 1251 582 1314 Prebendarii
607 1251 696 1313 chori
720 1251 853 1313 ecclesie
888 1251 1106 1332 zagrabiensis
1138 1249 1330 1331 generaliter
1361 1268 1510 1330 congre·

225 1356 301 1438 gati,
328 1357 409 1418 inter
433 1370 535 1420 cetera
560 1358 702 1439 ipsorum
727 1357 860 1438 negocia
886 1356 1059 1433 tractanda,
1092 1356 1301 1417 decreverunt
1326 1368 1357 1415 et
1382 1355 1511 1416 unani-

227 1462 319 1526 miter
343 1463 648 1541 determinaverunt,
674 1475 708 1524 ut
732 1461 903 1543 diligencia
928 1462 968 1523 ad
1002 1462 1124 1522 cultum
1156 1461 1302 1521 divinum
1328 1478 1367 1520 eo
1396 1462 1513 1541 magis

227 1582 392 1651 augeatur,
417 1571 504 1651 quod
529 1571 726 1651 quicumque
747 1570 779 1630 in
800 1568 937 1630 solemni
960 1570 1143 1650 peractione
1160 1587 1218 1649 pro
1235 1566 1392 1628 omnibus
1420 1568 1512 1651 epis·

226 1675 324 1758 copis,
349 1691 479 1758 propter
507 1675 657 1754 decimas,
689 1672 767 1736 feria
798 1673 939 1735 secunda
969 1673 1113 1755 proxima
1146 1686 1218 1755 post
1248 1671 1365 1732 festum
1407 1674 1513 1735 beate

229 1779 345 1845 Ursule
370 1794 400 1842 et
431 1782 590 1842 sociarum
624 1781 692 1842 eius
725 1779 973 1862 quomodolibet
1004 1777 1229 1855 amolienda,
1262 1778 1293 1838 in
1327 1790 1402 1838 toto
1438 1798 1515 1841 non

226 1887 413 1963 interfuerit,
438 1887 509 1947 talis
544 1888 575 1947 in
609 1898 674 1949 uno'
705 1887 829 1968 integro
865 1885 988 1947 floreno
1022 1885 1217 1966 privabitur,
1248 1903 1307 1965 pro
1345 1883 1515 1963 Placeb0‚

225 1993 410 2075 quindecim
434 1992 562 2067 solidis;
588 1993 785 2074 proVigilia,
802 1992 1014 2074 quadraginta
1030 1991 1161 2066 solidis;
1185 2010 1243 2072 pro
1268 2003 1365 2050 cantu
1394 1992 1515 2070 misse,

226 2100 338 2179 viginti
364 2099 508 2180 quinque
532 2099 653 2161 solidis.
679 2101 720 2160 Et
743 2099 939 2180 quicumque
964 2095 1096 2158 fratrum
1131 2094 1211 2158 infra
1242 2095 1392 2156 triduum
1428 2099 1517 2160 mis·

226 2225 294 2266 sam
319 2225 383 2265 non
409 2204 534 2281 dixerit,
560 2206 672 2285 viginti
704 2205 816 2266 solidis
849 2203 1101 2265 inremisibiliter
1132 2184 1326 2283 privabitur3
1351 2217 1516 2283 preterea

227 2311 415 2372 conclusum
442 2326 498 2388 est,
522 2312 610 2394 quod
635 2332 732 2373 nemo
757 2332 793 2372 ex
818 2311 864 2373 eis
887 2330 943 2392 per
966 2310 1066 2370 alium
1100 2308 1279 2390 supportari
1304 2309 1423 2388 possit,
1450 2313 1516 2373 sed

226 2416 437 2496 personaliter
462 2416 610 2477 interesse
635 2417 760 2495 debeat,
785 2416 844 2477 nisi
870 2414 1053 2477 infirmitate
1078 2413 1260 2496 prepeditus
1278 2411 1390 2491 fuerit,
1416 2430 1451 2476 et
1478 2438 1515 2479 se

227 2521 370 2600 legitime
395 2540 543 2581 excusate
569 2524 694 2603 poterit.
720 2522 916 2603 Quicunque
951 2521 1100 2599 Placebo,
1125 2539 1225 2601 usque
1250 2519 1290 2580 ad
1316 2522 1516 2585 secundum

228 2624 408 2706 psalmum;
427 2626 542 2704 Vigilie
570 2647 669 2708 usque
686 2628 725 2689 ad
750 2629 891 2709 primum
908 2627 1067 2708 psalmum
1085 2639 1115 2686 et
1132 2626 1227 2686 misse
1245 2644 1348 2704 usque
1364 2628 1516 2690 tercium

228 2731 316 2790 Kirie
345 2750 409 2790 non
435 2732 621 2809 interfuerit,
646 2735 716 2795 talis
742 2754 799 2815 pro
820 2735 950 2794 absente
976 2733 1161 2807 habebitur;
1187 2744 1216 2790 et
1240 2731 1300 2790 hoc
1326 2746 1515 2813 propterea

228 2834 411 2896 ordinatum
436 2852 491 2914 est,
506 2839 580 2918 quia
601 2841 697 2900 semel
722 2840 947 2901 tantummodo
972 2838 1054 2899 fiunt
1077 2839 1108 2898 in
1134 2856 1227 2898 ann0.

337 3051 385 3105 De
409 3052 505 3109 eadem
528 3054 648 3109 solemni
665 3056 835 3126 peractione

335 3189 431 3259 Quod
457 3192 564 3252 nullus
588 3192 720 3253 fratrum
745 3193 981 3273 pignorantiam
996 3193 1098 3252 valeat
1113 3213 1145 3252 se
1169 3211 1330 3266 excusare,
1345 3211 1404 3271 per
1433 3214 1514 3256 eos·

229 3291 302 3351 dem
335 3293 483 3354 dominos
516 3297 746 3357 prebendarius
770 3298 962 3378 generaliter
986 3312 1015 3357 et
1048 3298 1191 3357 unanimi
1224 3310 1299 3357 voto
1333 3318 1512 3362 annexum

229 3410 259 3457 et
284 3397 528 3461 determinatum
555 3418 608 3477 est,
635 3404 722 3483 quod
749 3405 779 3463 in
805 3404 946 3484 predicta
971 3404 1107 3462 solemni
1133 3403 1314 3483 peractione
1333 3409 1513 3484 perpetuis

232 3502 345 3563 futuris
368 3508 576 3585 temporibus,
601 3524 739 3588 quatuor
775 3510 915 3570 iuniores
940 3529 995 3589 per
1030 3529 1061 3567 se
1095 3509 1143 3569 vel
1177 3507 1375 3588 pulsatorem
1411 3530 1512 3593 apre-

233 3609 361 3687 ciando,
388 3611 427 3670 ad
453 3613 601 3691 Placeb0,
626 3616 760 3695 Vigilias
784 3630 814 3675 et
838 3616 967 3676 missam
993 3614 1159 3695 predictas,
1179 3628 1226 3673 ter
1249 3626 1296 3672 ter
1312 3613 1452 3693 pulsent
1479 3635 1514 3681 et

231 3715 264 3775 in
304 3717 507 3795 processione
546 3721 745 3800 aspergendo
782 3721 927 3802 sepulcra
964 3721 1025 3780 iam
1066 3718 1223 3779 dictorum
1257 3719 1513 3804 episcoporum,

232 3821 359 3898 vexilla,
384 3824 576 3884 turribulum
603 3846 674 3885 cum
700 3827 846 3887 navicula
879 3841 909 3887 et
933 3842 1012 3903 ture,
1046 3827 1130 3885 iuxta
1163 3824 1351 3884 mandatum
1383 3826 1513 3894 decani

230 3928 411 4009 apronitent
436 3945 465 3990 et
490 3930 633 3991 deferant
658 3934 716 3992 sub
741 3952 822 4013 pena
848 3934 959 4012 viginti
985 3933 1129 4012 quinque
1154 3931 1344 4009 solidorum,
1370 3946 1438 3996 etc.

336 4127 384 4181 De
407 4127 507 4181 er'stfent
530 4126 642 4180 decimis
666 4125 698 4180 de
722 4126 900 4184 illorotcclta.

336 4286 431 4340 Anno
456 4281 578 4341 domini
597 4282 770 4341 millesimo
788 4282 1047 4360 quingentesimo
1065 4297 1189 4359 octavo,
1207 4281 1349 4341 universi
1369 4282 1513 4353 domini

231 4387 437 4447 Prehendarii
463 4388 549 4447 chori
576 4388 707 4448 ecclesie
732 4388 957 4468 zagtabiensis,
982 4389 1013 4447 in
1045 4389 1186 4466 generali
1224 4406 1336 4448 eorum
1363 4407 1516 4474 congre·

229 4495 358 4574 gatione
384 4494 591 4555 decreverunt
616 4509 645 4555 et
670 4494 974 4570 determinaverunt,
1000 4494 1087 4573 quod
1113 4493 1279 4554 annuatim
1298 4491 1367 4555 duo
1388 4495 1519 4567 fratrea

232 4600 448 4675 Prebendarii,
475 4621 555 4660 unus
580 4601 685 4660 senior
710 4615 741 4661 et
765 4601 843 4659 alter
868 4600 983 4675 junior,
1001 4601 1055 4679 qui
1081 4619 1137 4682 per
1154 4599 1264 4659 fratres
1292 4597 1520 4681 deputabam.

231 4723 280 4768 tur
305 4707 343 4766 ud
359 4707 530 4766 dicandum
550 4708 632 4786 ipsas
650 4707 799 4782 decintaS,
817 4720 887 4786 post
904 4707 1118 4765 extorsionem
1137 4706 1277 4785 ipsarum
1295 4703 1487 4779 decimant«

232 4829 261 4876 et
286 4813 520 4895 depositionem
554 4812 685 4872 rationis
717 4812 848 4888 eisdem,
874 4826 907 4871 ut
940 4811 1105 4892 prefertur,
1139 4810 1285 4891 quolibet
1315 4831 1413 4878 anno
1447 4818 1463 4887 i
