3472 5242
259 375 317 456 136
678 379 753 435 Dor.
779 392 842 453 115.
866 411 908 421 -
932 379 987 439 An.
1012 389 1098 453 1515.

254 601 420 684 refrigerio
451 624 507 665 sue
539 619 570 666 et
600 605 862 688 predecessorum
895 620 1064 689 parentum
1097 625 1229 668 suorum
1261 607 1451 687 animarum,
1480 608 1520 669 ad

255 708 384 771 laudem
416 724 447 771 et
477 713 704 794 sempiternam
736 713 873 794 gloriam
905 727 1012 775 sancte
1037 713 1215 792 Trinitatis,
1240 712 1450 795 eiusdemque
1474 715 1520 776 in-

255 813 422 877 didividue
457 818 586 880 unitatis
621 820 652 881 in
687 833 872 902 perpetuam
906 818 1116 881 elemosinam
1148 818 1296 897 dedisset,
1328 819 1520 899 tradidisset,

255 922 448 1004 ascripsisset
478 937 509 985 et
537 938 765 1007 perpetuasset,
794 925 894 986 immo
927 924 1025 1003 dedit,
1049 924 1190 1004 tradidit,
1214 925 1358 1007 ascripsit
1388 939 1419 986 et
1449 946 1521 1009 per·

256 1027 399 1110 petuavit
438 1049 545 1090 coram
584 1031 677 1092 nobis
711 1031 780 1111 jure
815 1043 970 1113 perpetuo
1005 1044 1036 1091 et
1071 1030 1321 1092 irrevocabiliter
1354 1031 1520 1110 tenendas,

256 1133 466 1217 possidendas
482 1136 599 1218 pariter
615 1151 645 1198 et
661 1137 835 1215 habendas,
851 1135 897 1198 nil
914 1136 1001 1217 juris,
1018 1136 1104 1197 nilve
1120 1136 1322 1218 proprietatis
1338 1148 1368 1197 et
1386 1136 1522 1199 dominii

256 1240 317 1302 sibi
339 1241 397 1322 ipsi
419 1255 473 1302 aut
491 1243 657 1323 quibusvis
672 1243 744 1305 aliis
759 1242 945 1304 hominibus
962 1243 993 1303 in
1011 1241 1131 1303 eisdem
1147 1241 1300 1303 totalibus
1315 1243 1524 1323 porcionibus

256 1347 513 1428 possessionariis
536 1368 593 1430 per
617 1350 755 1431 amplius
778 1348 981 1427 reservando,
1001 1347 1056 1408 sed
1079 1359 1184 1408 totum
1207 1346 1257 1428 jus
1280 1361 1310 1408 et
1331 1347 1522 1427 dominium,

258 1470 455 1534 omnemque
485 1452 563 1534 juris
594 1468 624 1515 et
656 1454 792 1516 dominii
822 1454 1059 1536 proprietatem,
1083 1472 1179 1534 quam
1214 1466 1244 1513 et
1275 1453 1363 1534 quod
1391 1454 1423 1514 in
1449 1454 1524 1535 ipsis

258 1556 411 1619 hactenus
434 1557 596 1621 habuisset
619 1575 673 1621 aut
696 1558 813 1621 habere
839 1573 979 1641 speraret
1002 1558 1237 1640 quoquomodo
1262 1559 1294 1619 in
1307 1557 1470 1640 loturum,
1491 1560 1523 1620 in

258 1675 431 1745 pretactam
464 1684 551 1725 aram
582 1677 688 1727 sancte
722 1679 753 1726 et
784 1664 950 1726 individue
982 1664 1149 1725 Trinitatis
1181 1679 1211 1725 et
1243 1685 1299 1747 per
1324 1685 1524 1746 consequens

258 1767 417 1851 prefatum
453 1770 620 1832 dominum
655 1770 831 1852 Georgium
867 1771 1079 1852 presbiterum
1116 1770 1308 1832 modernum
1340 1785 1371 1832 et
1401 1770 1525 1832 futuros

260 1874 421 1956 quoslibet
444 1890 581 1938 rectores
601 1877 744 1937 eiusdem
762 1895 820 1959 pro
836 1889 980 1958 tempore
997 1876 1185 1937 constitutos
1201 1876 1411 1938 transtulisset
1427 1876 1524 1958 pleno

260 1979 339 2061 jure,
356 2001 393 2042 ea
409 1982 480 2063 lege
497 1993 528 2043 et
544 1981 734 2043 condicione
751 1981 923 2060 mediante,
940 1981 1027 2062 quod
1043 1979 1183 2063 prefatus
1199 1980 1350 2043 dominus
1367 1981 1527 2064 Georgius

259 2086 424 2167 presbiter,
448 2086 623 2148 modernus
651 2101 754 2148 rector
786 2101 816 2149 et
847 2087 900 2147 alii
926 2085 1023 2148 futuri
1046 2106 1243 2148 successores
1266 2102 1404 2149 rectores
1427 2088 1526 2169 ipsius

261 2210 314 2254 are
335 2192 390 2269 sic,
411 2205 445 2254 ut
469 2190 636 2275 prefertur,
659 2213 718 2274 pro
741 2207 885 2274 tempore
910 2192 1084 2270 constituti,
1101 2210 1159 2275 pro
1181 2206 1265 2254 tanta
1286 2193 1385 2275 ipsius
1401 2193 1525 2255 domini

263 2296 428 2358 Michaelis
463 2297 666 2380 prebendarii
702 2298 900 2360 liberalitatis
935 2296 1160 2376 beneficencia,
1194 2298 1338 2359 subsidio
1369 2312 1399 2360 et
1431 2298 1526 2360 laude

262 2402 358 2483 digna
382 2404 578 2485 provisione,
599 2425 657 2466 nec
682 2424 746 2466 non
771 2405 897 2487 pietate,
919 2404 1061 2466 bonitate
1086 2417 1117 2465 et
1140 2416 1293 2486 perpetua
1317 2404 1525 2486 benignitate,

263 2509 362 2569 modo
386 2529 452 2591 quo
475 2530 570 2592 supra
595 2509 695 2590 lactis,
717 2510 795 2571 duas
818 2510 940 2587 missas,
962 2528 1059 2570 unam
1083 2510 1203 2571 scilicet
1227 2510 1278 2571 die
1302 2509 1466 2571 dominico
1487 2509 1527 2571 de

262 2628 370 2676 sancta
401 2627 432 2677 et
463 2615 629 2677 individua
661 2616 819 2677 Trinitate
851 2614 990 2677 et.feria
1022 2614 1133 2696 quinta
1166 2614 1205 2676 de
1238 2635 1371 2698 corpore
1397 2615 1526 2694 Christi,

263 2720 327 2801 jam
359 2720 437 2782 alias
468 2721 508 2783 ad
540 2721 759 2804 peragendum
792 2733 822 2781 et
843 2719 1123 2782 solemnizandum
1149 2721 1181 2781 in
1206 2721 1345 2802 legendo
1369 2720 1528 2782 institutas

263 2827 385 2888 cunctis
408 2826 598 2889 ebdomadis
621 2841 652 2888 et
676 2827 838 2910 perpetuis
860 2825 974 2888 futuris
1000 2826 1200 2908 temporibus
1223 2827 1255 2888 in
1279 2847 1331 2888 ara
1355 2827 1527 2909 prescripta

264 2933 296 2993 in
328 2946 359 2993 et
390 2952 462 2994 cum
496 2945 590 2994 cantu
621 2952 694 2994 cum
728 2932 932 2994 oracionibus
964 2931 1077 2994 exinde
1103 2933 1263 3010 institutis,
1288 2933 1473 3014 compositis
1498 2945 1529 2994 et

265 3039 435 3121 deputatis,
459 3059 517 3100 nec
542 3059 607 3100 non
631 3039 782 3118 articulis,
806 3039 942 3121 punctis,
967 3037 1118 3099 clausulis
1143 3052 1174 3100 et
1198 3039 1418 3119 legacionibus
1443 3040 1528 3100 iuxta

265 3146 507 3208 ordinacionem
529 3146 608 3207 alias
631 3166 688 3228 per
710 3165 769 3206 nos
789 3145 897 3227 previa
914 3146 1040 3206 racione
1058 3144 1147 3206 factis
1164 3165 1325 3227 peragere,
1343 3145 1529 3206 continuare

266 3267 296 3314 et
320 3245 531 3314 solemnizare
556 3250 697 3331 dedebit,
719 3252 878 3314 tenebitur
901 3263 932 3311 et
955 3250 1014 3311 erit
1035 3250 1195 3332 obligatus
1216 3270 1254 3312 eo
1276 3249 1369 3311 lactu.
1388 3251 1422 3311 ln
1439 3251 1529 3311 cuius
1561 3278 1565 3284 ·

265 3359 310 3420 rei
335 3359 524 3421 memoriam
550 3372 581 3419 et
603 3358 824 3420 testimonium
845 3356 1092 3437 firmitatemque
1117 3370 1304 3439 perpetuam
1329 3357 1529 3438 presentibus

265 3466 408 3547 sigillum
439 3478 583 3525 nostrum
618 3464 814 3526 autenticum
845 3463 995 3525 duximus
1022 3462 1283 3545 appendendum.
1308 3462 1425 3523 Datum
1451 3461 1529 3523 feria

266 3571 363 3634 tercia
394 3571 427 3632 in
460 3569 540 3632 festo
573 3571 721 3633 videlicet
745 3570 830 3632 beati
853 3570 961 3631 Brictii
990 3570 1132 3652 episcopi
1156 3583 1186 3631 et
1210 3568 1409 3631 confessoris.
1433 3572 1529 3629 Anno

268 3677 391 3739 domini
417 3677 589 3738 millesimo
613 3677 871 3759 quingentesimo
897 3675 1151 3757 quintodecimo

375 3799 510 3864 originale
537 3799 563 3851 in
585 3802 744 3862 membrana,
764 3815 779 3851 a
798 3814 862 3850 zora
880 3799 984 3849 sericea
1003 3800 1136 3862 appendet
1155 3798 1280 3862 sigillum.
1303 3796 1330 3849 ln
1350 3797 1448 3847 archiv.
1469 3810 1528 3847 ven.

268 3887 347 3954 capit.
368 3890 474 3953 zagrab.
493 3888 550 3940 Act.
570 3888 633 3951 Cap.
654 3892 706 3939 ant.
725 3888 789 3939 fasc.
810 3889 850 3939 79.
872 3902 908 3939 nr.
931 3887 969 3938 15.

862 4168 938 4233 115.

374 4313 449 4364 Anno
470 4311 544 4376 1515,
566 4310 604 4362 15.
625 4310 785 4363 novembris.
804 4308 951 4375 Zagrabiae

269 4424 393 4492 Paulus,
408 4419 549 4482 librorum
564 4422 674 4495 legator
690 4428 719 4478 ct
738 4420 885 4478 Elisabeth
904 4421 967 4495 ejus
984 4438 1071 4488 uxor,
1087 4419 1198 4475 domm
1214 4436 1296 4475 suam
1312 4418 1342 4473 in
1362 4416 1528 4490 Opalomisa
1562 4492 1564 4496 Α

386 4530 471 4586 sitam
489 4546 588 4586 coram
611 4528 735 4601 capr'tulo
757 4526 830 4583 dono
851 4526 925 4584 dant
945 4528 975 4583 in
999 4543 1082 4583 usum
1104 4525 1211 4583 altaris
1232 4543 1254 4586 s.
1277 4524 1410 4580 Emerici.

377 4648 564 4733 Capitulum
601 4649 733 4712 ecclesie
767 4647 992 4730 zagrabiensis.
1019 4628 1193 4708 ¹Omnibus
1227 4644 1347 4708 Christi
1381 4642 1532 4707 fidelibus

271 4756 471 4839 presentibus
505 4768 536 4818 et
570 4753 686 4817 futuris
719 4750 919 4833 presencium
954 4752 1107 4815 noticiam
1142 4751 1297 4814 habituris
1331 4749 1467 4811 salutem
1498 4749 1532 4811 in

272 4863 418 4927 omnium
441 4861 609 4925 salvatore.
631 4860 684 4924 nd
699 4859 921 4925 universorum
937 4873 1003 4922 tarn
1017 4857 1219 4944 presencium
1236 4875 1334 4940 quam
1350 4853 1531 4918 futurorum
1613 4899 1618 4907 .
