3472 5242
212 362 271 423 140
630 349 703 412 Dec.
729 361 792 426 117.
817 388 858 396 —
883 354 940 414 An.
965 367 1048 430 1515.

207 587 362 636 secretum
394 575 536 656 sigillum
570 590 725 657 nostrum,
750 598 815 660 quo
846 594 881 641 ut
912 601 964 642 rex
990 581 1154 671 Hungagie
1189 582 1318 661 utimur,
1342 598 1388 644 est
1415 604 1469 666 ap-

207 701 353 763 pensum,
389 683 499 764 vigore
535 698 565 744 et
600 684 785 746 testimonio
821 686 985 748 literarum
1019 688 1191 751 mediante.
1225 688 1341 750 Datum
1380 689 1470 751 Bude

208 784 286 849 feria
308 789 405 850 tercia
428 789 571 871 proxima
602 804 672 872 post
695 789 810 852 festum
836 793 1061 874 concepcionis
1084 795 1174 856 beate
1200 794 1300 857 Marie
1327 794 1469 875 virginis.

207 896 304 954 Anno
335 894 458 956 domini
491 895 663 958 millesimo
694 897 953 978 quingentesimo
983 899 1258 980 quintodecimo.
1284 901 1468 981 Regnorum

208 1011 389 1061 nostrorum
412 1001 576 1082 Hungarie
597 1016 645 1063 etc
673 1022 757 1063 anno
778 1002 934 1084 vigesimo
951 1019 1051 1083 sexto,
1068 1005 1223 1067 Bohemie
1241 1026 1316 1068 vero
1334 1006 1470 1088 quadra-

207 1104 330 1185 gesimo
354 1121 452 1168 sexto.

608 1197 739 1260 Relscio
763 1198 955 1261 venerabilis
979 1199 1118 1282 Philippi
1145 1201 1234 1261 More

647 1287 798 1369 prepositi
823 1287 987 1368 agriensis,
1011 1287 1168 1349 secretarii
1194 1308 1258 1369 reg.
1285 1287 1468 1350 Maiestatis.

317 1404 453 1472 Originele
477 1409 502 1459 in
529 1411 774 1473 mensuramus
799 1410 901 1461 sericea
926 1411 1058 1474 dependet
1084 1411 1184 1475 absque
1207 1411 1306 1475 sigillo.
1326 1410 1352 1462 ln
1372 1411 1471 1462 archiv.

208 1506 264 1544 ven.
285 1493 369 1558 Capit.
389 1498 494 1561 zagrab.
514 1497 569 1549 Act.
590 1498 653 1561 Cap.
673 1503 726 1552 aul.
746 1497 809 1550 lasc.
828 1498 870 1551 'l9.
891 1514 928 1551 nr.
951 1500 990 1550 15.
1083 1536 1084 1539 ,

804 1783 880 1850 117.

315 1923 387 1974 Anno
410 1923 484 1989 1515,
508 1923 547 1973 ll.
568 1923 725 1976 decenbris.
746 1922 842 1975 Budae.

217 2048 381 2138 Vlddr'slaus
409 2052 510 2124 Hung.
536 2059 584 2109 etc.
608 2070 662 2108 rex
687 2052 811 2125 capitulo
834 2053 973 2109 dusmensi
997 2052 1125 2126 mandat,
1149 2061 1183 2110 ut
1207 2053 1372 2108 allarislam
1400 2070 1471 2108 arae

322 2173 357 2215 ss.
386 2157 541 2214 Trinitatis
564 2158 594 2212 in
610 2157 816 2230 possessionem
839 2157 957 2226 Mlaka,
981 2157 1063 2215 Plese
1085 2164 1114 2214 et
1133 2157 1213 2214 Kut'e
1234 2158 1359 2214 r'mlucal.

315 2293 512 2355 Wlsdislaus
535 2295 586 2356 dei
610 2295 715 2377 gracia
740 2315 793 2357 rex
819 2284 984 2375 Hungarie
1005 2310 1036 2357 et
1057 2295 1211 2357 Bohemie
1229 2310 1287 2356 etc.
1306 2296 1472 2357 Fidelibus

210 2399 325 2460 nostris
357 2400 498 2481 capitulo
530 2401 662 2463 ecclesie
693 2399 885 2462 chasmensis
916 2402 1052 2462 salutem
1076 2415 1106 2462 et
1128 2402 1279 2483 graciam.
1304 2402 1388 2463 Cum
1413 2422 1471 2463 nos

210 2503 273 2566 illis
297 2504 434 2584 dacioni,
451 2507 619 2568 tradicioni
644 2521 674 2568 et
694 2506 943 2569 elemosinarum
960 2508 1160 2590 ascripcioni,
1177 2528 1256 2589 quas
1274 2507 1472 2569 honorabilis
1549 2588 1552 2592 ἡ

211 2609 347 2673 Michael
384 2612 548 2692 presbiter,
579 2613 809 2695 prebendarius
843 2613 930 2674 chori
967 2613 1100 2675 ecclesie
1135 2614 1361 2693 zagrabiensis,
1386 2613 1470 2675 filius

210 2715 359 2779 videlicet
383 2718 501 2779 nobilis
523 2718 658 2779 condam
682 2718 812 2779 domine
837 2718 1035 2800 Margarethe
1064 2719 1252 2800 Wagyczna
1269 2733 1391 2796 vocate,
1408 2718 1471 2779 filie

209 2818 288 2883 olim
323 2823 513 2901 Katherine,¹
541 2824 702 2906 Kathycza
734 2823 829 2902 dicte,
858 2824 921 2886 filie
956 2824 1039 2885 Petri
1072 2825 1111 2886 de
1145 2825 1257 2885 maiori
1291 2825 1407 2902 Mlaka,
1431 2824 1471 2885 dc

209 2928 362 2990 totalibus
392 2929 600 3012 porcionibus
631 2929 696 2991 suis
727 2929 985 3012 possessionariis
1017 2930 1048 2990 in
1079 2929 1334 3011 possessionibus
1357 2930 1470 2990 maiori

211 3034 317 3096 Mlaka
349 3035 500 3118 predicta,
524 3056 582 3098 nec
613 3055 679 3096 non
703 3035 801 3097 Pleno
833 3049 865 3097 et
891 3034 999 3097 Kooth
1029 3036 1061 3096 in
1086 3034 1315 3118 Rakythowcz,
1340 3035 1470 3112 vocatis,

210 3140 243 3201 in
277 3141 429 3203 comitatu
460 3142 657 3223 zagrabiensi
690 3142 907 3220 existentibus,
931 3141 1057 3219 habitis,
1081 3141 1251 3202 simulcum
1276 3142 1397 3202 cunctis
1420 3161 1471 3202 ea·
1523 3199 1526 3204 .

209 3245 346 3309 rundem
377 3247 567 3310 utilitatibus
597 3260 627 3309 et
659 3249 861 3330 pertinenciis
893 3248 1100 3328 quibuslibet,
1124 3247 1234 3328 vigore
1267 3247 1469 3327 quarundam

210 3351 373 3415 literarum
404 3351 624 3416 fassionalium
655 3354 730 3416 dicti
762 3354 892 3436 capituli
924 3353 1148 3434 zagrabiensis,
1173 3372 1231 3434 pro
1263 3372 1317 3412 sue
1341 3373 1376 3412 ac
1401 3372 1470 3433 pre-

210 3458 413 3521 decessorum
433 3479 566 3522 suorum
582 3474 751 3542 parentum
767 3461 946 3521 animarum
964 3460 1065 3520 salute
1081 3478 1138 3540 per
1154 3478 1264 3523 causas
1281 3471 1311 3518 et
1327 3458 1472 3518 raciones

153 3597 156 3602 ·
210 3565 243 3627 in
277 3565 397 3627 eisdem
432 3566 531 3627 literis
562 3565 787 3628 lassionalibus
813 3564 1018 3648 specificatus,
1042 3584 1094 3625 are
1118 3577 1225 3625 sancte
1249 3577 1279 3624 et
1303 3563 1470 3625 individue

210 3671 378 3733 Trinitatis
402 3672 434 3732 in
455 3671 567 3734 eadem
589 3671 722 3733 ecclesia
743 3671 941 3752 zagrabiensi
958 3683 1136 3730 constructe
1153 3682 1184 3730 et
1199 3689 1255 3751 per
1272 3688 1472 3750 consequens

210 3776 391 3838 honorabili
425 3778 577 3858 magistro
610 3776 752 3858 Georgio
786 3777 824 3837 de
856 3774 1051 3836 Warasdino
1095 3774 1263 3852 moderno,
1287 3773 1467 3855 futurisque

209 3882 386 3946 rectoribus
420 3883 563 3944 eiusdem
596 3902 653 3964 pro
688 3896 832 3964 tempore
863 3880 1043 3942 constitutis
1076 3880 1107 3940 in
1139 3893 1328 3961 perpetuum
1361 3879 1472 3942 secisse

211 3989 396 4068 dinoscitur,
417 3990 527 4068 vigore
551 3988 686 4050 aliarum
710 3989 873 4050 literarum
900 3999 1080 4049 nostrarum
1105 3986 1219 4047 exinde
1243 3985 1472 4067 confectarum,

210 4109 352 4158 nostrum
389 4095 514 4176 regium
550 4112 723 4155 consensus
757 4093 988 4176 prebuerimus,
1021 4105 1191 4172 totumque
1226 4106 1257 4153 et
1292 4111 1389 4153 omne
1424 4092 1472 4173 jus

210 4200 345 4283 regium,
369 4201 394 4262 si
428 4198 516 4282 quod
549 4200 582 4261 in
614 4197 743 4280 prefatis
769 4198 977 4281 porcionibus
1000 4197 1258 4280 possessionariis
1281 4197 1472 4259 haberemus

210 4308 315 4371 eidem
339 4307 430 4369 altari
455 4326 490 4367 ac
515 4304 690 4367 rectoribus
710 4306 775 4366 suis
792 4323 851 4387 pro
867 4316 1012 4387 tempore
1033 4302 1211 4365 constitutis
1232 4303 1472 4382 contulerimus,

210 4413 424 4495 volumusque
449 4412 587 4473 eundern
611 4411 796 4491 magistrum
822 4409 999 4490 Georgium
1025 4408 1215 4469 modernum
1240 4409 1272 4469 in
1290 4408 1470 4470 dominium

210 4519 395 4580 earumdem
427 4518 618 4601 porcionum
650 4516 969 4598 possessionariarum
999 4515 1130 4576 nomine
1161 4513 1238 4594 juris
1269 4514 1367 4575 nostri
1391 4515 1470 4596 regii

210 4626 241 4686 in
274 4623 395 4687 eisdem
427 4622 526 4685 habiti
550 4641 607 4704 per
629 4634 773 4684 nostrum
798 4635 829 4684 et
853 4633 993 4683 vestrum
1017 4618 1166 4681 homines
1188 4619 1343 4698 legittime
1368 4617 1472 4681 lacere

211 4730 381 4808 introduci,
405 4748 500 4810 super
524 4746 589 4810 quo
609 4726 754 4790 fidelitati
770 4741 873 4789 vestre
897 4725 1009 4787 harum
1026 4724 1106 4786 serie
1122 4722 1254 4785 firmiter
1270 4723 1471 4805 mandamus,

211 4849 368 4918 quatenus
389 4847 530 4897 vestrum
553 4832 686 4897 mittatis
707 4833 873 4896 hominem
896 4851 955 4914 pro
976 4830 1161 4893 testimonio
1177 4828 1388 4912 fidedignum,
1405 4850 1471 4912 quo
