3472 5242
679 344 1084 421 Mffi-Mfflss

848 574 907 638 95.

353 732 427 783 lluno
450 732 524 796 1511,
544 731 585 782 30.
606 730 719 795 augusti.
739 728 897 796 Zagrabiae.

246 872 391 949 Albertas,
409 876 594 948 praepositus
615 875 736 946 capituli
753 873 950 947 aagrabr'ensis
972 881 1000 930 et
1021 872 1166 947 Andreas,
1186 878 1368 947 praepositus
1390 875 1518 950 capr'tulr'

246 981 405 1049 lasnreasa's,
424 982 564 1038 nunriant
580 980 670 1037 literis
685 998 705 1035 a
717 987 801 1052 papa
821 980 914 1036 missis
931 979 988 1037 sibi
997 979 1170 1053 facultatem
1191 981 1321 1038 ecclesiae
1337 982 1516 1055 parochialis

598 1104 619 1144 s.
643 1085 771 1142 Emerici
791 1084 953 1144 diruendae
976 1102 1037 1143 esre
1058 1084 1168 1142 datam.

353 1242 504 1303 Albertus
527 1241 659 1303 ecclesie
683 1242 899 1322 zagrabiensis
918 1256 949 1302 et
965 1240 1111 1302 Andreas
1132 1242 1249 1303 artium
1266 1257 1297 1304 et
1314 1243 1514 1306 decretorum

249 1348 371 1427 doctor,
395 1369 453 1410 nec
487 1366 551 1409 non
584 1367 670 1408 sacre
702 1346 865 1429 theologie
898 1346 1069 1429 professor,
1095 1348 1227 1409 ecclesie
1260 1350 1358 1410 sancti
1387 1351 1516 1432 spiritus

247 1454 451 1533 ehamensis,
475 1454 639 1536 prepositi,
662 1467 693 1515 et
729 1454 873 1515 canonici
905 1452 1025 1535 prefate
1059 1453 1191 1515 ecclesie
1224 1455 1449 1535 zagrabiensis,
1483 1456 1514 1516 in

248 1579 408 1640 causaque
440 1573 471 1620 11
502 1560 605 1620 causis
629 1558 761 1620 inferius
790 1559 956 1641 descriptis
981 1573 1011 1620 et
1035 1559 1194 1621 denotatis
1218 1579 1276 1641 pro
1300 1574 1389 1642 parte
1413 1560 1515 1623 hono·

246 1665 354 1727 rabilis
378 1666 507 1747 capituli
533 1679 564 1727 11
587 1665 816 1726 canonicorum
837 1665 920 1726 dicte
947 1664 1080 1725 ecclesie
1099 1665 1314 1745 zagrabiensis
1331 1679 1516 1729 executores

248 1783 278 1831 et
302 1770 511 1832 commissarii
536 1792 554 1832 1
578 1770 653 1832 sede
678 1770 852 1852 apostolica
877 1769 1057 1852 specialiter
1084 1769 1176 1831 electi
1201 1783 1232 1830 et
1256 1770 1409 1853 deputati.
1436 1772 1515 1835 Uni·

248 1877 345 1937 versis
376 1889 407 1937 et
438 1875 572 1957 singulis
603 1888 765 1958 presentes
798 1875 918 1936 litteras
945 1888 1069 1937 nostras
1093 1875 1217 1954 visuris,
1242 1875 1372 1938 lecturis
1397 1889 1427 1938 et
1450 1877 1513 1959 legi

248 1981 403 2043 audituris
434 1982 567 2043 salutem
600 1982 632 2042 111
663 1981 797 2043 domino
822 1981 1058 2062 sempiternam.
1084 1981 1255 2059 Noveritis,
1280 2001 1340 2043 nos
1363 1982 1403 2044 de
1427 2001 1513 2044 anno

248 2087 371 2148 domini
394 2087 568 2149 millesimo
591 2086 849 2168 quingentesimo
871 2086 1054 2165 undecimo,
1067 2086 1226 2148 tricesima
1243 2087 1362 2149 mensis
1378 2089 1514 2170 augusti,

249 2194 423 2255 indictione
442 2193 566 2254 decima
583 2204 706 2273 quarta,
719 2191 922 2275 pontificatus
935 2190 1067 2274 (autem)
1083 2192 1271 2253 sanctissimi
1289 2193 1412 2255 domini
1426 2194 1513 2273 iulii,

248 2299 356 2360 divina
380 2298 587 2382 providencia
612 2318 693 2381 pape
717 2298 859 2377 secundi,
886 2318 971 2360 anno
996 2311 1120 2377 octavo,
1151 2298 1278 2360 1111010
1302 2300 1513 2362 consistoriali

248 2406 379 2488 capituli
414 2405 547 2466 ecclesie
582 2404 798 2487 zagrabiensis
828 2404 980 2486 predicte,
1013 2424 1120 2465 coram
1152 2404 1284 2466 notariis
1319 2418 1350 2466 et
1381 2405 1515 2467 testibus

248 2512 443 2593 subscriptis,
469 2511 618 2573 mandata
644 2510 784 2592 quedam
809 2511 984 2592 apostolica
1009 2509 1085 2589 duo,
1102 2529 1204 2572 unum
1229 2511 1261 2571 in
1284 2508 1388 2572 forma
1405 2511 1515 2573 Brevis

248 2619 306 2679 sub
331 2617 439 2698 sigillo
462 2617 627 2698 piscatoris
654 2636 727 2678 cum
751 2617 984 2698 supplicatione
1010 2617 1183 2679 introclusa
1200 2630 1402 2694 emanatum3
1426 2617 1513 2679 aliud

248 2724 307 2785 sub
331 2723 466 2806 plumbo
490 2723 523 2784 in
548 2723 679 2784 cordula
705 2723 834 2805 canapis
858 2722 1029 2805 pendente,
1055 2723 1201 2784 similiter
1225 2722 1421 2805 expeditum,
1438 2743 1514 2786 sana

250 2843 280 2891 et
310 2831 444 2912 integra,
475 2849 540 2892 non
576 2830 698 2908 abrasa,
731 2848 795 2891 non
832 2829 1017 2907 cancellata,
1049 2849 1107 2890 nec
1141 2829 1173 2889 in
1205 2828 1313 2910 aliqua
1346 2830 1394 2891 sui
1426 2843 1514 2912 parte

249 2935 362 2997 viciata
382 2935 471 2996 omni
494 2935 634 3016 denique
650 2955 779 3017 prorsus
803 2933 930 2995 defectu
947 2946 977 2996 et
993 2935 1175 3017 suspicione
1193 2935 1331 2997 carentia
1347 2955 1404 3018 pet
1420 2955 1514 2998 vene-

249 3042 383 3103 rabilem
415 3041 583 3103 dominum
610 3040 764 3103 Mathiam
789 3041 941 3102 lectorem
966 3053 997 3102 et
1021 3041 1211 3102 canonicum
1236 3040 1357 3122 prefate
1382 3041 1515 3103 ecclesie

249 3148 465 3229 zagrabiensis
497 3161 737 3229 procuratorem
770 3147 801 3207 in
833 3146 892 3207 hac
925 3158 1013 3228 parte
1038 3146 1231 3228 legittimum
1256 3146 1360 3207 tocius
1384 3147 1514 3229 capituli

252 3266 283 3316 11
306 3254 536 3316 canonicorum
569 3252 652 3315 dicte
676 3253 809 3314 ecclesie
837 3252 1061 3333 zagrabiensis,
1086 3251 1125 3312 de
1150 3252 1240 3313 cuius
1264 3251 1416 3314 mandato
1442 3272 1515 3334 pro·

251 3361 421 3439 curatorio,
439 3359 597 3441 legittimo
620 3373 651 3420 et
673 3357 842 3420 sufficienti
864 3358 958 3418 nobis
979 3356 1057 3418 fides
1078 3357 1173 3439 plena
1191 3370 1221 3418 et
1237 3357 1416 3418 indubitata
1433 3357 1514 3420 facta

250 3479 345 3546 atque
379 3465 521 3527 adhibita
547 3479 602 3544 est,
629 3465 712 3544 data,
737 3465 843 3526 oblata
868 3477 963 3544 atque
988 3463 1158 3544 assignata,
1182 3463 1348 3544 recepisse,
1371 3477 1515 3545 petentes

250 3590 309 3632 nos
332 3571 439 3632 debita
464 3591 537 3631 cum
562 3570 721 3649 instantia,
738 3584 773 3631 ut
797 3569 836 3630 ad
860 3569 1081 3631 executionem
1103 3569 1245 3650 ipsorum
1263 3569 1348 3630 iuxta
1365 3569 1513 3631 commis·

250 3678 374 3737 sionem
399 3676 492 3737 nobis
517 3675 631 3737 factam
657 3676 809 3738 canonice
833 3674 1006 3757 procedere
1034 3675 1251 3756 dignaremur.
1276 3674 1513 3756 Cuiusquidem

253 3782 361 3842 Brevis
384 3795 476 3843 tenor
510 3781 548 3842 de
574 3782 672 3843 verbo
697 3782 736 3843 ad
761 3783 895 3844 verbum
924 3781 1101 3843 contexitur
1125 3781 1157 3842 in
1182 3779 1345 3861 huncqui
1370 3781 1514 3862 sequitur

253 3887 405 3948 modum:
431 3886 516 3969 (vide
542 3888 620 3949 Ι)01.
646 3887 721 3970 93.).

357 4044 377 4094 u
397 4059 497 4096 coaevo
516 4051 681 4110 transumpto
700 4044 801 4097 Alberti
821 4051 847 4096 et
866 4046 986 4096 Andreae
1005 4043 1062 4097 111).
1082 4058 1176 4098 canon.
1199 4043 1225 4095 ln
1245 4043 1343 4099 archiv.
1356 4059 1414 4099 ven.
1428 4045 1513 4109 Capit.

252 4134 357 4195 zugrab.
