3472 5242
608 339 770 416 Doc.173,
795 350 862 416 174.
899 373 934 384 -
956 340 1015 402 An.
1039 351 1131 418 1525.

829 567 910 634 173.

339 719 414 770 Anno
439 720 512 773 1522.
533 722 557 771 6.
577 723 735 773 decembris.
758 725 866 788 Progne.

234 862 398 922 Ludovicus
424 864 475 939 ll,
498 864 612 938 Hung,
635 872 686 925 etc.
710 885 772 941 rex,
801 869 947 941 praecipit
974 869 1107 942 capitolo,
1132 876 1166 925 ut
1187 869 1339 945 joliannis
1374 868 1498 928 Coram

232 986 279 1027 res
297 972 441 1043 pretiosos
451 971 574 1044 pignori
586 973 729 1044 oppositos
752 972 855 1030 trodot
878 971 1007 1046 Georgia
1021 973 1185 1031 marchioni
1209 973 1495 1048 Brandemtorgmsr

887 1136 1048 1187 Commissio
1067 1136 1176 1199 propria
1195 1134 1293 1187 domini
1315 1135 1395 1201 regis.

340 1221 526 1283 Ludouicus
550 1222 601 1284 dei
624 1224 731 1304 gracia
755 1243 810 1285 rex
835 1224 999 1304 Hungarie
1024 1237 1055 1284 et
1079 1224 1233 1285 Bohemie
1268 1237 1326 1285 etc.
1353 1224 1501 1286 Honora·

234 1325 324 1405 biles,
348 1326 468 1406 fideles,
492 1328 586 1389 nobis
610 1327 736 1390 dilecti!
761 1328 860 1391 Grato
886 1330 994 1390 animo
1019 1375 1026 1390 .
1052 1375 1059 1390 .
1085 1376 1093 1389 .
1118 1329 1207 1410 quod
1224 1329 1501 1410 quemadmodum

234 1431 326 1493 vobis
351 1478 523 1496 ......
547 1453 596 1495 res
626 1447 792 1514 argenteas
815 1448 846 1495 et
870 1434 1017 1495 clenodia
1049 1432 1180 1495 illustris
1211 1433 1376 1516 quondam
1410 1434 1501 1496 ducis

234 1534 278 1618 (et
301 1537 375 1599 bani
400 1537 555 1602 lobannis
577 1537 724 1622 Coruini)
755 1539 833 1600 olim
859 1539 950 1600 vobis
974 1538 1197 1621 oppignorata,
1223 1538 1337 1600 illustri
1367 1539 1501 1602 domino

235 1640 378 1724 Georgio
402 1642 580 1704 marchioni
605 1644 928 1726 Brandemburgensi‚
948 1643 1036 1705 alfini
1061 1656 1093 1705 et
1116 1645 1355 1725 consanguineo
1380 1659 1499 1725 nostro,

234 1767 272 1809 ea
295 1749 469 1829 requirenti
494 1750 702 1812 restitueritis.
728 1750 831 1832 Super
855 1749 1125 1831 quarumquidem
1149 1769 1255 1811 rerum
1279 1763 1502 1831 argenteorum

235 1866 266 1914 et
289 1853 514 1915 clenodiorum
546 1855 753 1917 restitucione
791 1875 849 1916 vos
881 1855 991 1936 vigore
1025 1869 1057 1916 et
1079 1855 1265 1917 testimonio
1300 1857 1502 1937 presencium

234 1957 398 2022 literarum
422 1972 602 2021 nostrarum
627 1961 753 2042 quietos
777 1973 808 2022 et
830 1960 995 2042 expeditos
1027 1959 1192 2022 reddimus
1223 1975 1254 2022 et
1277 1963 1501 2044 relinquimus.

235 2064 353 2126 Datum
379 2064 480 2147 Prage
502 2066 534 2126 in
560 2064 640 2128 festo
666 2066 749 2127 beati
782 2066 907 2128 Nicolai
933 2067 1075 2148 episcopi
1109 2081 1139 2128 et
1171 2066 1371 2130 confessoris.
1405 2073 1502 2131 Anno

234 2169 359 2232 domini
386 2170 559 2233 millesimo
583 2171 843 2254 quingentesimo
868 2171 1024 2254 vigesimo
1048 2172 1178 2234 secudo.

340 2273 371 2343 (A
389 2277 489 2340 tergo.)
519 2277 711 2338 Honorabili
748 2278 888 2359 capitulo
924 2278 1056 2339 ecclesie
1091 2279 1317 2359 zagrabiensis,
1352 2279 1502 2342 fidelibus

236 2382 330 2443 nobis
354 2381 488 2443 dilectis.

341 2502 476 2568 originale
497 2505 522 2555 in
543 2505 634 2555 charta
653 2506 768 2556 lacerum
797 2504 824 2554 ln
845 2505 942 2555 archiv.
962 2520 1019 2557 ven.
1048 2506 1132 2570 Capit.
1160 2509 1266 2571 zagrub.
1284 2509 1344 2558 Act.
1364 2508 1426 2572 Cap.
1447 2514 1500 2560 ant.

235 2607 295 2646 asc.
315 2592 357 2643 8³.
379 2607 417 2642 nr.
441 2594 483 2642 48.

816 2872 898 2938 174.

340 3033 414 3083 Anno
437 3032 511 3083 1523.
531 3028 867 3096 sollicitantibus.

229 3160 384 3238 johannes
417 3161 576 3233 Torquatus
599 3159 745 3215 Korlovr'c'
767 3157 859 3214 bonus
891 3157 1012 3214 nuntiat
1040 3156 1197 3228 episcopum
1231 3156 1445 3229 zogrobieosem
1475 3164 1504 3213 et

234 3268 390 3339 capitulum
413 3266 533 3339 zograb.
557 3283 652 3323 omnes
674 3282 744 3321 suos
774 3265 836 3320 lites
851 3259 970 3338 judicio
994 3263 1194 3334 protonotarii
1224 3264 1312 3339 regni
1340 3261 1500 3319 Slooonioe

781 3370 953 3442 persuasisse.

342 3511 408 3570 Nos
433 3509 594 3571 lohannes
619 3508 806 3587 Torquatus
830 3526 938 3568 comes
962 3507 1124 3567 Corbauie
1155 3526 1191 3566 ac
1223 3525 1395 3585 regnorum
1426 3507 1500 3568 Dal-

237 3617 349 3693 macie,
374 3616 508 3676 Croacie
533 3628 564 3676 et
589 3614 760 3674 Sclauonie
786 3616 897 3674 banus.
923 3612 1078 3673 Memorie
1111 3611 1386 3688 commendamus,
1412 3612 1500 3692 quod

235 3719 519 3781 reverendissimus
543 3720 576 3779 in
601 3718 730 3779 Christo
754 3731 843 3799 pater
868 3718 1019 3778 dominus
1043 3717 1156 3778 Simon
1180 3717 1349 3799 episcopus
1368 3718 1501 3779 ecclesie

236 3825 450 3905 zagrabiensis
474 3844 581 3885 coram
606 3823 699 3883 nobis
723 3822 933 3903 personaliter
957 3823 1157 3899 constitutus,
1182 3838 1228 3883 est
1260 3822 1500 3885 confessus...

236 3930 268 3990 in
292 3930 377 3990 hunc
401 3929 551 3989 modum:
578 3927 665 4007 quod
690 3928 837 4006 quamvis
868 3927 949 3987 inter
973 3928 1077 4008 ipsum
1112 3927 1282 3988 dominum
1313 3929 1500 4010 episcopum

236 4054 272 4095 ac
296 4034 471 4094 nonnullos
494 4033 673 4110 servitores,
696 4031 934 4112 familiaresque
952 4046 982 4093 et
998 4032 1186 4113 jobagiones
1215 4033 1359 4093 eiusdem
1377 4033 1500 4095 domini

237 4139 378 4220 episcopi
402 4152 433 4200 et
457 4138 590 4198 ecclesie
613 4156 669 4197 sue
701 4136 839 4217 predicte
865 4156 902 4196 ex
931 4156 1004 4216 una,
1037 4158 1072 4198 ac
1103 4137 1292 4198 honorabile
1324 4139 1502 4219 capitulum

236 4245 380 4305 eiusdem
405 4244 535 4304 ecclesie
559 4242 774 4322 zagrabiensis
797 4262 833 4303 ac
856 4241 1003 4303 similiter
1019 4243 1193 4303 nonnullos
1210 4244 1390 4321 servitores,
1408 4243 1500 4304 lami·

236 4349 393 4430 liaresque
418 4362 448 4410 et
471 4348 659 4429 jobagiones
682 4348 824 4408 eiusdem
850 4349 979 4429 capituli
1005 4369 1042 4408 ex
1066 4349 1128 4408 alia
1153 4349 1307 4429 partibus,
1325 4351 1454 4411 racione
1472 4364 1502 4412 ct

238 4467 383 4535 pretextu
407 4467 533 4514 actuum
568 4454 839 4534 potenciariorum
870 4474 888 4514 a
913 4453 1005 4513 certis
1036 4453 1127 4514 annis
1159 4454 1243 4514 ultro
1277 4455 1421 4535 citroque
1453 4470 1502 4517 ut·

237 4576 374 4639 cumque
401 4558 646 4619 commissorum
680 4558 766 4620 varie
791 4560 872 4637 lites,
897 4577 1001 4635 cause,
1033 4557 1215 4619 differencie
1248 4578 1283 4619 ac
1317 4573 1501 4623 controver-

236 4663 354 4723 siarum
379 4664 511 4724 materie
536 4678 622 4724 mote
648 4677 678 4724 et
702 4664 849 4726 suscitate
874 4677 970 4743 atque
995 4677 1103 4725 exorte
1129 4662 1256 4743 luerint,
1280 4677 1388 4726 tamen
1415 4666 1502 4728 idem

238 4766 388 4828 dominus
413 4768 525 4830 Simon
550 4770 720 4852 episcopus
743 4769 855 4833 volens
878 4769 1035 4850 expensis,
1060 4767 1241 4849 fatigiisque
1270 4784 1301 4831 et
1324 4771 1501 4850 laboribus,
