3472 5242
677 349 751 412 Dec,
762 358 817 421 52.
844 380 882 389 -
900 347 957 404 An.
975 343 1067 421 1506.

626 455 661 461 ,.-
747 454 837 459 .—„
850 454 858 458 .
873 453 1071 458 --..--
1082 454 1144 458 --
1159 442 1503 467 --.,..,----

159 648 162 653 ,
237 576 532 656 consvetudineque
556 594 681 656 semper
705 587 736 635 et
759 575 799 636 ab
822 574 956 655 antiquo
978 588 1122 656 tempore
1140 575 1188 636 usi
1211 573 1329 636 fuerint
1346 589 1377 638 et
1392 575 1505 658 gavisi,

239 697 274 746 ut
297 683 357 765 ipsi
382 683 455 743 vina
481 680 657 742 eorundem
675 681 707 741 in
725 680 956 762 promontoriis
972 681 1115 762 ipsorum
1132 695 1307 763 procreata,
1324 682 1504 763 cuicunque

240 789 426 868 voluissent,
459 800 524 849 tam
564 786 710 865 extemis,
750 805 847 867 quam
886 786 988 847 eciam
1028 785 1208 848 forensibus
1247 787 1434 849 hominibus
1472 788 1505 848 in

241 895 407 958 Carinthia
439 892 714 955 commorantibus
745 890 907 954 vendendi
935 891 1070 954 liberam
1095 891 1280 954 habuissent
1304 892 1504 969 facultatem

240 1015 347 1063 tamen
372 1019 440 1077 vos,
464 998 602 1059 nescitur
626 1016 764 1078 quorum
790 995 860 1058 freti
885 998 1087 1076 authoritate,
1100 1018 1156 1080 per
1179 1000 1346 1081 publicum
1363 1000 1504 1061 edictum

241 1126 345 1187 nuper
368 1104 537 1187 publicari,
562 1103 818 1185 proclamarique
846 1103 1007 1183 fecissetis,
1033 1118 1067 1166 ut
1091 1125 1187 1168 nemo
1212 1105 1342 1167 illorum
1365 1105 1406 1166 ab
1430 1105 1506 1186 ipsis

241 1211 476 1293 exponentibus
507 1223 561 1271 aut
592 1209 716 1271 colonis
746 1209 924 1272 eorundem
956 1211 1029 1272 vina
1063 1231 1119 1272 sua
1145 1210 1328 1273 huiusmodi
1353 1224 1505 1289 emerent,

242 1317 437 1380 contrarium
477 1314 667 1376 facientibus
702 1328 820 1376 certam
855 1335 972 1397 penum
1007 1316 1216 1397 infligendam
1252 1317 1437 1378 statuissetis
1474 1318 1506 1377 in

242 1424 419 1504 dampnum
460 1422 603 1503 ipsorum
645 1419 861 1483 manifestum.
902 1422 1149 1504 supplicacione
1189 1423 1286 1504 igitur
1322 1443 1380 1505 pro
1415 1436 1503 1505 parte

242 1531 386 1611 ipsorum
410 1528 643 1609 exponencium
669 1527 762 1588 nobis
785 1528 957 1608 superinde
980 1529 1098 1607 oblata,
1121 1529 1161 1590 ad
1184 1529 1316 1610 plenum
1335 1528 1506 1607 intellecta,

242 1636 389 1697 nolentes
420 1634 551 1695 eosdem
584 1633 736 1712 indebite,
771 1653 807 1695 ac
838 1634 981 1715 precium
1013 1634 1131 1714 iustum
1164 1636 1255 1696 vobis
1287 1634 1505 1717 dampnificari

243 1741 443 1824 permittere;
469 1741 542 1801 ideo
567 1739 717 1801 volumus
741 1753 773 1801 et
795 1740 985 1801 mandamus
1009 1739 1153 1802 fidelitati
1179 1755 1282 1803 vestre
1298 1740 1411 1803 harum
1428 1741 1506 1802 serie

243 1847 385 1925 firmiter,
412 1860 446 1908 ut
469 1847 606 1927 acceptis
630 1846 840 1926 presentibus,
857 1846 976 1907 amodo
1001 1847 1162 1929 deinceps,
1188 1846 1291 1909 dictos
1312 1861 1508 1929 exponentes

244 1967 275 2016 et
299 1953 488 2035 jobagiones
521 1952 698 2013 eorundem
723 1966 832 2013 contra
856 1953 1021 2033 antiquam
1046 1953 1225 2014 libertatem
1250 1954 1393 2034 ipsorum
1417 1952 1508 2014 nullo

244 2060 343 2121 modo
375 2058 532 2140 impedire
568 2071 622 2118 aut
655 2056 882 2139 dampnificare
913 2043 1114 2141 presumatis,
1143 2059 1198 2119 sed
1231 2058 1508 2140 quemadmodum

244 2167 397 2228 hactenus
429 2165 470 2225 ita
495 2165 597 2225 eciam
629 2163 780 2245 deinceps
803 2176 941 2246 pretacts
975 2164 1049 2225 vina
1074 2164 1228 2246 ipsorum,
1252 2164 1508 2246 colonorumque

245 2270 445 2347 eorumdem,
464 2269 631 2350 quibusvis
653 2269 833 2347 hominum,
853 2282 918 2331 tam
939 2270 1059 2331 scilicet
1076 2271 1107 2331 in
1125 2270 1290 2332 Carinthia
1307 2289 1508 2332 commoran-

245 2379 340 2455 tibus,
365 2395 461 2457 quam
495 2376 565 2437 aliis
596 2376 713 2456 quibus
744 2382 894 2456 poterunt
926 2395 961 2437 ac
985 2375 1148 2455 valebunt,
1174 2376 1295 2438 eisdem
1319 2375 1414 2438 vendi
1438 2395 1508 2457 per-

246 2483 370 2544 mittere
403 2495 434 2542 et
465 2481 606 2564 permitti
638 2480 751 2559 facere,
783 2500 888 2562 neque
920 2481 1050 2543 eosdem
1081 2483 1196 2563 quovis
1226 2482 1325 2544 modo
1360 2482 1534 2547 cohibere.

245 2588 297 2651 vel
321 2601 481 2670 emptores
502 2588 645 2669 ipsorum
663 2587 832 2648 molestare
849 2587 1002 2649 audeatis.
1021 2588 1119 2650 Secus
1135 2588 1224 2671 nulla
1241 2590 1368 2650 racione
1387 2587 1509 2649 facturi.

246 2694 449 2755 Presentibus
480 2692 637 2774 perlectis,
661 2692 884 2755 exhibentibus
916 2694 1077 2755 restitutis.
1111 2695 1228 2756 Datum
1257 2694 1347 2755 Bude
1372 2694 1402 2754 in
1428 2692 1509 2755 festo

247 2800 330 2862 beati
356 2799 474 2860 Mathei
498 2798 635 2881 apostoli
661 2812 692 2860 et
715 2800 920 2880 evangeliste.
945 2803 1041 2861 Anno
1066 2800 1197 2862 Domini
1227 2801 1400 2861 millesimo
1417 2801 1510 2881 quin·

246 2905 424 2987 gentesimo
447 2917 546 2966 sexto.

353 3027 460 3080 Summa
484 3026 685 3092 privilegiorum
711 3026 864 3079 monasterii
890 3027 1057 3079 Remetensis
1077 3027 1150 3080 MSC.
1175 3025 1203 3078 ln
1224 3029 1317 3081 archiv.
1338 3028 1398 3081 incl.
1416 3029 1509 3080 decad.

248 3115 345 3169 Scient.
366 3116 513 3168 Slavorum.
534 3116 625 3167 merid.
645 3113 678 3169 ll.
699 3118 726 3167 C.
747 3118 786 3167 13.

842 3364 900 3429 52.

353 3506 426 3555 Anno
450 3505 523 3567 1506,
547 3506 585 3556 19.
607 3504 767 3557 novembris.
787 3505 883 3556 Budse.

258 3631 432 3699 Vlodislous,
464 3632 620 3703 frangam
652 3640 699 3689 etc.
730 3651 792 3705 rex,
817 3631 1016 3690 communitati
1045 3633 1167 3689 civitatis
1197 3632 1325 3701 mandat,
1347 3640 1383 3689 ut
1407 3635 1512 3690 tricesi-

249 3744 372 3793 matorcs
387 3738 480 3808 regios
494 3744 593 3792 contra
610 3738 803 3805 insectatores,
809 3739 965 3810 praecipue
978 3745 1081 3795 contra
1095 3735 1231 3794 Marcum
1248 3740 1352 3795 bonum
1368 3740 1511 3814 defindal.

937 3856 1095 3908 commissio
1116 3857 1224 3922 propria
1244 3856 1341 3909 domini
1362 3859 1441 3923 regis.

355 3963 552 4024 Wladislaus
576 3962 626 4023 dei
651 3963 757 4044 gracia
781 3982 834 4024 rex
861 3963 1026 4043 Hungarie
1043 3977 1073 4024 et
1091 3963 1244 4025 Bohemie
1262 3977 1320 4026 etc.
1338 3964 1514 4027 Prudentes
1611 4032 1619 4039 ,

250 4085 280 4133 et
303 4069 534 4150 circumspecti,
559 4067 669 4130 fideles
697 4069 790 4129 nobis
814 4068 931 4129 dilecti.
964 4069 1181 4132 intelleximus
1205 4070 1372 4151 quomodo
1395 4071 1513 4132 tricesi-

251 4190 388 4238 matores
419 4176 519 4235 nostri
551 4174 615 4235 illic
647 4174 679 4235 in
709 4174 817 4236 medio
847 4174 940 4235 vestri
970 4175 1184 4252 constitutis
1209 4175 1381 4256 magnifico
1406 4177 1514 4237 Marco

252 4280 406 4343 Horwath
441 4280 480 4340 de
516 4280 729 4361 Kamychacz,
753 4299 925 4360 regnorum
958 4294 1139 4342 nostrorum
1175 4281 1350 4359 Dalmncie,
1379 4282 1514 4344 Croscie

251 4400 282 4449 et
306 4386 474 4449 Sclavonie
499 4386 594 4465 ban0,
607 4385 793 4447 hominibus
816 4400 847 4447 et
864 4384 1074 4448 familiaribus
1097 4378 1172 4465 suis,
1194 4387 1275 4447 adeo
1300 4388 1513 4466 turbarentur,

251 4506 286 4554 ut
307 4491 493 4553 huiusmodi
510 4492 720 4573 proventibus
736 4492 852 4552 nostris
868 4492 1113 4553 tricesimalibus
1131 4493 1193 4554 iam
1210 4493 1386 4556 maximum
1403 4493 1515 4576 damp-

252 4617 328 4659 num
362 4598 611 4680 suscepissemus
635 4598 667 4659 in
692 4598 825 4679 diesque
848 4598 1092 4679 susceperimus.
1122 4599 1162 4659 Et
1185 4599 1262 4680 quia
1284 4599 1437 4660 nolumus
1459 4618 1517 4681 per

252 4703 437 4785 quempiam
461 4704 696 4786 regnicolarum
721 4717 903 4765 nostrorum
924 4704 956 4765 in
973 4702 1158 4766 huiusmodi
1175 4704 1385 4786 proventibus
1401 4704 1517 4767 nostris

252 4807 430 4891 dampnum
452 4810 527 4893 pati,
552 4809 625 4872 ideo
648 4809 792 4872 fidelitati
810 4824 913 4873 vestre
929 4809 1043 4872 harum
1060 4810 1140 4871 serie
1157 4809 1288 4872 firmiter
1304 4811 1516 4893 precipientes
