3472 5242
711 315 783 376 Dos.
793 328 846 390 33.
867 347 903 356 -
923 315 971 372 An
996 324 1087 389 1505.

378 559 413 624 (Α
431 557 532 624 tergo).
558 540 772 603 Prudentibus
805 553 836 601 et
866 540 1106 622 circumspectis
1129 539 1227 620 judici
1252 552 1282 600 et
1305 538 1424 620 juratis,
1449 552 1530 600 cete·

268 649 375 730 risque
400 648 524 709 civibus
547 667 582 708 ac
612 647 671 709 toti
696 645 918 707 communitati
951 645 1087 707 civitatis
1110 657 1217 706 nostre
1243 644 1533 725 Montisgrecensis,

269 753 417 816 fidelibus
440 753 555 815 nostris
579 751 713 814 dilectis.

374 873 511 940 Originale
537 875 561 926 ln
587 875 685 926 charta.
712 874 733 924 Α
758 879 834 938 tergo
859 874 1017 937 impressum
1041 878 1083 923 est
1112 870 1227 936 sigillam
1257 873 1355 924 mains.
1379 870 1408 924 ln
1438 872 1533 924 archiv,

267 963 327 1018 inol.
346 965 439 1015 Aeead.
459 961 556 1016 Solent.
577 961 679 1015 Slavor.
701 962 792 1013 merid.

869 1191 930 1257 33.

374 1351 449 1402 Anno
471 1350 545 1413 1505,
565 1349 606 1403 21.
623 1347 744 1414 januarii.
764 1346 921 1414 Zagrabiae.

277 1478 379 1536 Catani
411 1479 608 1536 communitate
641 1478 768 1536 civitatis
803 1472 934 1547 Marcus,
966 1477 1094 1534 otcarius
1128 1477 1296 1543 ramatensis,
1327 1493 1391 1533 cum
1419 1475 1535 1552 Jacobs

271 1586 351 1642 Flicz
381 1584 415 1641 dc
442 1585 537 1662 legato
568 1602 588 1639 a
620 1582 816 1654 Margarettza
852 1582 1003 1639 Mikc'cvac
1029 1583 1200 1638 monasterio
1230 1581 1380 1638 rametenst'
1409 1581 1536 1654 ascripto

811 1689 978 1762 paciscitur.

382 1828 448 1888 Nos
472 1825 609 1888 Michael
632 1825 822 1908 Oprasnich,
839 1826 913 1887 lvan
936 1827 1053 1904 senior,
1070 1825 1235 1906 quondam
1259 1824 1365 1906 judex,
1381 1826 1536 1888 Valentek

273 1948 305 1996 et
328 1933 488 2014 Georgius
511 1946 610 2010 sutor,
634 1932 718 1993 cives
743 1945 773 1993 et
804 1931 896 2012 jurati
922 1932 1057 1993 civitatis
1082 1931 1200 1993 montis
1225 1930 1404 2010 Grecensis,
1427 1931 1536 1993 arbitri

273 2054 304 2101 et
335 2039 566 2121 compositores
598 2038 679 2099 inter
710 2038 927 2099 venerabilem
959 2051 1081 2119 patrem
1113 2037 1268 2116 Marcum,
1296 2037 1451 2099 vicarium
1475 2035 1536 2098 ira-

272 2159 357 2207 trum
382 2144 620 2206 Heremitarum
644 2144 677 2204 in
702 2144 839 2204 claustro
866 2145 956 2204 beate
981 2143 1081 2204 Marie
1106 2144 1238 2224 virginis
1259 2144 1291 2204 in
1315 2145 1537 2225 promontorio

275 2249 472 2332 zagrabiensi
497 2249 688 2330 degencium
714 2249 753 2310 ab
777 2269 852 2327 una,
869 2262 901 2310 et
925 2249 1005 2309 inter
1030 2250 1184 2310 Jacobum
1205 2250 1354 2328 Nemecz,
1372 2250 1536 2331 quondam

274 2355 414 2437 judicem
438 2355 572 2416 civitatis
596 2353 716 2436 prefate
741 2354 859 2415 montis
893 2352 1061 2415 Grecensis
1082 2367 1171 2436 parte
1194 2356 1234 2416 ab
1259 2354 1367 2434 altera,
1392 2356 1539 2416 unaniter

275 2462 378 2539 electi,
402 2461 557 2522 memorie
582 2460 859 2538 commendamus,
877 2460 965 2540 quod
990 2460 1064 2521 licet
1087 2474 1191 2542 partes
1208 2460 1289 2521 inter
1305 2460 1435 2522 easdem
1452 2475 1538 2522 mota

275 2567 414 2648 quedam
439 2565 478 2626 lis
502 2564 611 2626 fuisset
636 2566 763 2627 racione
787 2564 966 2627 testamenti
992 2579 1023 2625 et
1046 2565 1145 2626 debiti
1170 2565 1291 2626 nobilis
1308 2566 1437 2627 domine
1455 2567 1538 2628 Mar-

275 2672 415 2754 garethe‚
440 2671 605 2752 quondam
638 2671 793 2733 consortis
827 2671 946 2733 nobilis
978 2671 1142 2733 Balthasar
1174 2671 1213 2731 de
1240 2671 1456 2751 Mikchovecz,
1481 2692 1539 2733 nos

275 2792 383 2840 tamen
415 2776 600 2838 earumdem
637 2777 780 2858 parcium
812 2796 850 2836 ex
882 2795 1038 2837 consensu
1070 2790 1101 2838 et
1123 2776 1286 2838 voluntate
1312 2796 1370 2858 pro
1396 2777 1537 2858 ipsorum

276 2884 419 2945 ulteriori
453 2902 528 2964 pace
561 2896 592 2943 et
624 2881 852 2962 tranquilitate,
876 2894 972 2963 atque
1005 2882 1175 2943 concordia
1207 2880 1297 2944 factis
1322 2882 1353 2943 in
1378 2883 1540 2964 premissis

276 2988 460 3051 arbitrando
497 2987 714 3048 conclusimus
749 3001 779 3048 et
809 2987 1092 3048 determinavimus
1128 2986 1260 3049 lirmiter
1292 2989 1539 3067 observandum,

277 3095 365 3176 quod
389 3093 492 3155 dictus
512 3106 601 3174 pater
617 3093 753 3154 vicarius
773 3107 804 3155 et
820 3091 929 3154 fratres
945 3092 1058 3175 prelati
1076 3094 1261 3154 monasterii
1280 3093 1402 3175 prelato
1420 3095 1540 3156 Jacobo

278 3203 427 3278 Nemecz,
455 3199 520 3260 suis
544 3198 660 3260 debitis
692 3212 723 3259 et
753 3199 899 3280 expensis
923 3198 962 3260 ad
989 3199 1191 3260 necessitates
1212 3198 1276 3280 jam
1301 3199 1383 3260 dicte
1409 3200 1540 3261 domine

280 3305 478 3387 Margarethe
504 3303 603 3382 factis,
632 3304 804 3365 duodecim
829 3303 967 3365 florenos
992 3305 1172 3386 persolvere
1196 3304 1334 3366 debeant
1358 3325 1454 3387 quam
1479 3307 1541 3368 cito

278 3412 459 3474 dominium
484 3410 693 3493 possessionis
716 3428 772 3471 seu
797 3409 872 3471 ville
897 3410 1039 3472 Marincz
1062 3423 1173 3472 vocate
1198 3411 1230 3471 in
1256 3411 1408 3473 comitatu
1433 3431 1541 3493 zagra-

278 3519 380 3580 biensi
404 3517 522 3596 habite,
547 3516 718 3595 existentis,
742 3516 957 3593 obtinuerint;
985 3517 1028 3577 ita
1051 3531 1169 3593 tamen,
1198 3517 1286 3597 quod
1312 3517 1379 3598 ipse
1404 3519 1542 3579 lacobus

279 3626 417 3686 Nemecz
441 3623 560 3684 litteras
584 3637 615 3684 et
639 3622 719 3703 jura,
743 3641 805 3703 que
829 3621 914 3702 apud
939 3641 972 3682 se
996 3621 1101 3700 habet,
1126 3624 1166 3683 ad
1191 3622 1368 3704 predictam
1392 3623 1540 3706 possessi-

279 3750 375 3791 onem
399 3728 604 3811 pertinencia,
621 3728 727 3790 eidem
751 3727 870 3789 vicario
894 3748 950 3789 seu
974 3727 1122 3789 fratribus
1138 3728 1288 3810 predictis
1305 3729 1450 3811 plenarie
1466 3748 1541 3791 mox

278 3835 412 3917 receptis
435 3835 645 3916 presentibus,
667 3832 830 3895 extradare
854 3846 1009 3911 teneatur,
1027 3833 1143 3913 quibus
1165 3833 1380 3897 mediantibus
1402 3834 1542 3917 prefatus

278 3954 368 4023 pater
391 3940 527 4001 vicarius
558 3958 718 4001 unacum
752 3937 900 4000 fratribus
927 3939 991 4000 suis
1022 3938 1055 3999 in
1079 3938 1256 4019 jamdicta
1280 3941 1480 4022 possessione
1509 3960 1542 4002 se

279 4046 361 4107 tueri
384 4058 415 4107 et
438 4045 555 4106 muniri
580 4059 610 4107 et
634 4045 736 4107 eciam
760 4045 881 4106 dictum
905 4046 1061 4106 Jacobum
1082 4046 1220 4107 Nemecz
1244 4048 1283 4107 ab
1307 4046 1459 4108 omnibus
1483 4047 1541 4107 im-

279 4152 469 4234 petitoribus
493 4151 597 4212 valeat
620 4149 795 4212 defensare.
821 4150 893 4212 Hoc
916 4151 1016 4212 eciam
1041 4149 1175 4231 adject0,
1193 4151 1280 4232 quod
1298 4152 1323 4213 si
1337 4152 1440 4213 dictus
1455 4165 1544 4234 pater

280 4257 417 4318 vicarius
433 4270 464 4319 et
480 4254 590 4318 fratres
606 4255 719 4339 prefati
736 4256 922 4318 monasterii
935 4275 1037 4337 usque
1056 4255 1169 4318 festum
1183 4278 1207 4319 s.
1221 4256 1386 4319 Michaelis
1398 4259 1542 4340 proxime

280 4377 461 4441 venturum,
485 4362 667 4424 dominium
699 4361 839 4444 predicte
872 4363 1081 4445 possessionis
1105 4363 1246 4424 Marincz
1279 4384 1343 4425 una
1375 4383 1447 4425 curn
1479 4364 1544 4425 suis

280 4468 484 4550 pertinenciis
507 4469 652 4530 obtinere
676 4488 742 4529 non
766 4482 926 4550 poterunt,
944 4481 1058 4530 extunc
1080 4469 1112 4528 in
1136 4468 1221 4531 dicto
1239 4469 1360 4531 festos.
1379 4469 1544 4531 Michaelis

280 4573 404 4655 prefato
427 4574 547 4636 Jacobo
568 4575 708 4635 Nemecz
731 4573 801 4655 jura
825 4574 934 4635 omnia
956 4573 1001 4634 eis
1024 4574 1137 4635 tradita
1164 4575 1329 4638 restituere
1354 4576 1490 4637 debeant
1514 4589 1545 4638 et

281 4678 321 4740 ad
345 4675 545 4742 solucionem
569 4678 742 4743 duodecim
766 4678 961 4741 florenorum
986 4679 1119 4742 minime
1142 4691 1319 4744 teneantur.
1344 4681 1543 4743 Presentium

217 4869 220 4876 ι
280 4784 446 4847 literarum
477 4799 657 4847 nostrarum
689 4785 875 4847 testimonio
907 4784 1079 4864 mediante,
1104 4805 1183 4866 quas
1210 4787 1324 4868 sigillis
1347 4787 1423 4849 dicti
1446 4788 1545 4871 patris
