3472 5242
648 369 721 426 Dec.
746 361 814 427 116.
840 400 878 409 -
903 368 958 424 An.
984 379 1069 442 1515.

729 473 735 477 .
748 472 945 478 —....-.-.
958 473 1157 479 ——ffl
1172 473 1249 479 ..—
1262 472 1489 479 ——--——-——-=

229 596 314 656 nilve
339 595 539 678 proprietatis
564 610 594 658 et
614 596 748 657 dominii
773 596 833 658 sibi
855 596 930 677 ipsis
952 608 1006 656 aut
1030 595 1196 676 quibusvis
1218 595 1288 656 aliis
1309 595 1493 657 hominibus

229 700 260 761 in
292 701 413 762 eisdem
445 701 544 763 domo
572 715 602 763 et
632 701 725 763 horto
753 722 808 785 per
836 702 973 785 amplius
997 701 1199 779 reservando,
1224 701 1278 762 sed
1311 721 1407 763 omne
1432 702 1497 782 jus,

229 827 424 889 omnemque
455 807 532 888 juris
566 822 595 868 et
627 808 763 869 dominii
795 809 1032 890 proprietatem,
1056 828 1152 889 quam
1185 821 1215 868 et
1243 808 1330 889 quod
1362 809 1393 869 in
1419 809 1494 892 ipsis

230 912 382 975 hactenus
414 914 598 975 habuissent
625 926 679 975 aut
703 914 820 975 habere
845 927 1006 996 sperarent
1031 913 1266 995 quoquomodo
1291 915 1322 975 in
1349 913 1492 976 futurum

230 1020 261 1080 in
291 1035 494 1102 prenotatum
520 1020 689 1081 dominum
715 1020 899 1081 Ladislaum
924 1034 954 1081 et
978 1040 1034 1102 per
1058 1040 1257 1102 consequens
1281 1040 1367 1082 aram
1394 1023 1491 1082 sancti

231 1126 368 1188 Emerici
401 1126 633 1187 transtulissent
665 1140 760 1208 prout
791 1126 1020 1187 transtulerunt
1052 1127 1148 1208 pleno
1181 1126 1259 1207 jure,
1293 1128 1364 1187 Hoc
1392 1127 1491 1187 eciam

231 1252 287 1313 per
312 1252 495 1315 expressum
520 1232 711 1315 specificato,
729 1232 816 1313 quod
842 1252 972 1293 censum
994 1245 1180 1293 consuetum
1198 1253 1233 1294 ac
1251 1252 1382 1294 munera
1400 1233 1494 1294 solita

230 1337 312 1398 dicte
336 1339 467 1399 ecclesie
493 1340 582 1400 beate
607 1339 740 1418 virginis
763 1339 930 1420 provenire
956 1339 1121 1416 debencia,
1144 1352 1218 1420 puta
1243 1340 1406 1420 sexaginta
1430 1353 1493 1402 tres

231 1443 379 1505 denarios
404 1446 530 1507 usuales
554 1465 612 1527 pro
636 1459 780 1526 tempore
805 1445 855 1506 hic
879 1445 1033 1525 Zagrabie
1058 1458 1229 1522 currentes,
1248 1446 1340 1506 annis
1359 1446 1494 1525 singulis

231 1568 356 1632 semper
389 1551 420 1610 in
453 1549 539 1611 festis
568 1551 650 1611 beati
677 1550 809 1630 Georgii
834 1552 970 1612 martiris
994 1551 1134 1612 mediam
1157 1565 1279 1633 partem
1304 1565 1333 1611 et
1358 1549 1493 1612 infesto

232 1656 314 1716 beati
341 1657 468 1718 Martini
501 1658 642 1738 episcopi
667 1657 763 1718 aliam
791 1657 930 1719 mediam
956 1671 1077 1738 partem
1102 1677 1137 1718 ac
1161 1658 1219 1718 tria
1244 1677 1375 1718 munera
1400 1657 1493 1718 solita

231 1775 261 1822 et
292 1776 451 1839 consveta‚
475 1777 568 1844 puta:
594 1762 633 1823 ad
667 1762 782 1824 festum
813 1763 909 1824 Pasce
941 1763 1064 1824 domini
1097 1762 1269 1824 duodecim
1297 1783 1368 1840 ova,
1393 1782 1493 1823 unum

231 1887 357 1929 caseum
392 1869 513 1929 bonum
546 1883 576 1929 et
606 1888 663 1951 pro
689 1889 754 1930 uno
778 1868 910 1929 denario
935 1889 1051 1950 panes;
1076 1889 1134 1930 nec
1159 1888 1223 1929 non
1248 1869 1280 1929 in
1306 1867 1385 1936 festo
1410 1869 1493 1930 beati

232 1973 314 2053 regis
347 1974 500 2056 Stephani
531 1975 613 2035 duos
644 1975 751 2056 pullos
781 1973 912 2054 juvenes
945 1969 1047 2036 bonos
1078 1989 1108 2035 et
1139 1994 1196 2057 pro
1221 1975 1353 2035 denario
1378 1994 1493 2055 panes;

232 2079 306 2140 item
341 2080 422 2140 circa
455 2079 569 2141 festum
599 2080 770 2141 nativitatis
794 2080 924 2141 Domini
957 2080 1039 2141 duos
1072 2101 1209 2162 capones
1241 2082 1343 2141 bonos
1374 2094 1404 2141 et
1436 2100 1522 2172 pro.

231 2205 296 2247 uno
332 2186 464 2247 denario
505 2206 612 2267 panes.
650 2185 873 2266 Quosquidem
914 2207 1026 2248 census
1065 2186 1264 2269 supradictos
1298 2201 1328 2248 et
1361 2206 1493 2246 munera

233 2291 455 2373 prenominata
495 2291 635 2374 prefatus
675 2292 826 2352 dominus
862 2292 1029 2353 Ladislaus
1068 2307 1121 2354 aut
1160 2306 1262 2353 rector
1295 2292 1402 2353 altaris
1438 2312 1493 2353 seu

232 2416 395 2479 possessor
425 2397 522 2479 ipsius
552 2397 668 2458 domus
700 2397 783 2458 dicte
815 2397 946 2458 ecclesie
982 2399 1071 2459 beate
1097 2398 1228 2478 virginis
1252 2417 1378 2478 semper
1401 2399 1440 2459 sit
1464 2412 1493 2459 ct

232 2504 290 2564 erit
322 2503 482 2583 obligatus
515 2503 696 2585 persolvere
721 2503 882 2585 perpetuis
906 2503 1019 2565 futuris
1043 2504 1250 2586 temporibus.
1276 2504 1308 2564 ln
1335 2505 1425 2564 cuius
1448 2505 1492 2565 rei

233 2610 423 2670 memoriam
463 2609 710 2690 firmitatemque
749 2623 936 2691 perpetuam
972 2610 1171 2692 presentibus
1205 2609 1317 2670 litteris
1351 2609 1493 2690 sigillum

232 2728 376 2776 nostrum
408 2715 616 2776 auttenticum
652 2715 802 2776 duximus
833 2715 1092 2797 appendendum.
1126 2715 1243 2776 Datum
1277 2714 1353 2776 feria
1383 2730 1493 2795 quarta

232 2821 376 2903 proxima
412 2834 483 2903 post
519 2819 632 2881 festum
668 2822 751 2882 beati
784 2821 891 2882 Brictii
927 2822 1068 2903 episcopi
1104 2834 1134 2881 et
1166 2819 1365 2884 confessoris.
1399 2827 1494 2882 Anno

234 2927 357 2987 dom'ini
382 2927 554 2988 millesimo
577 2927 835 3008 quingentesimo
861 2928 973 3008 quinto
999 2927 1135 2988 decimo.

338 3049 358 3100 E
382 3065 483 3101 coaevo
509 3055 674 3114 transumpto
701 3051 726 3101 iu
751 3051 847 3101 charta.
873 3049 899 3100 ln
920 3051 1016 3101 archiv.
1036 3065 1094 3101 ven.
1115 3049 1199 3112 Capit.
1219 3050 1324 3113 zagrab.
1344 3049 1401 3098 Act.
1422 3048 1488 3113 Cap.

232 3143 284 3190 aut.
305 3138 368 3191 iaec.
386 3140 442 3191 101.
464 3154 501 3190 nr.
524 3139 563 3190 17,

824 3374 902 3440 116.

338 3516 411 3567 Anno
434 3515 507 3578 1515,
530 3517 555 3565 ll
579 3516 746 3568 ,decembris
767 3515 862 3566 Budae.

234 3646 262 3702 Α
293 3640 439 3701 Vlorlislao
463 3643 563 3715 Huag.
585 3650 631 3702 etc.
648 3661 715 3716 rege
730 3642 870 3717 fraudatio
893 3660 912 3696 a
938 3641 1080 3698 Michaclc
1095 3640 1308 3713 praebendart'o
1324 3649 1382 3713 pro
1405 3642 1499 3698 altari

570 3767 599 3805 ss
623 3748 792 3809 ‚Irinibztr's
814 3747 930 3805 conrlita
953 3748 1160 3820 comprobatur.

340 3889 406 3948 Nos
441 3886 639 3948 Wladislaus
674 3887 726 3948 dei
760 3887 865 3967 gracia
901 3906 953 3946 rex
988 3886 1151 3965 Hungarie
1188 3899 1218 3945 et
1250 3884 1404 3945 Bohemie
1437 3897 1495 3945 etc.

235 3994 390 4055 Memorie
420 3992 683 4054 commendamus
706 4006 816 4054 tenore
841 3991 1041 4074 presencium
1065 3991 1279 4071 significantes
1303 3991 1420 4071 quibus
1445 4010 1496 4050 ex·

235 4100 322 4182 pedit
347 4099 512 4176 universis,
534 4099 621 4178 quod
646 4118 703 4180 pro
728 4112 815 4180 parte
840 4111 870 4158 et
894 4098 926 4157 in
951 4117 1085 4179 persona
1110 4096 1213 4157 fidelis
1236 4097 1335 4157 nostri
1360 4096 1496 4157 honora-

236 4207 308 4268 bilis
332 4206 473 4288 magistri
499 4205 631 4285 Georgii
656 4205 696 4266 de
720 4203 925 4281 Warasdino‚
949 4204 1078 4264 rectoris
1102 4203 1208 4264 altaris
1231 4216 1336 4264 sancte
1361 4216 1391 4264 et
1416 4201 1496 4262 indi-

236 4312 331 4373 vidue
357 4312 524 4373 Trinitatis
549 4311 580 4371 in
605 4311 737 4373 ecclesia
754 4309 925 4371 cathedrali
944 4309 1141 4389 zagrabiensi
1159 4309 1341 4386 constructi,
1359 4307 1497 4368 exhibite

235 4433 308 4480 sunt
343 4419 437 4479 nobis
471 4432 500 4479 et
535 4430 713 4500 presentato
748 4416 886 4497 quedam
923 4415 1012 4476 litere
1037 4413 1223 4475 fassionales
1254 4414 1384 4496 capituli
1416 4413 1497 4473 dicte

235 4525 367 4586 ecclesie
391 4523 604 4604 zagrabiensis
624 4523 655 4584 in
676 4542 871 4604 pergameno
891 4535 1033 4604 patenter
1053 4519 1207 4598 conlecte,
1224 4521 1397 4602 sigilloque
1414 4519 1496 4579 eius-

236 4631 309 4692 dem
333 4629 531 4712 impendenti
555 4629 750 4710 consignate‚
765 4628 882 4709 quibus
902 4625 1118 4688 mediantibus
1139 4625 1337 4687 honorabilis
1362 4623 1499 4685 Michael

236 4735 390 4819 presbiter
424 4735 653 4819 prebendarius
687 4734 774 4796 chori
810 4733 953 4795 eiusdem
990 4732 1121 4793 ecclesie
1153 4731 1378 4812 zagrabiensis‚
1412 4728 1497 4791 filius

236 4839 385 4904 videlicet
415 4841 533 4905 nobilis
564 4840 730 4925 quondam
762 4840 893 4903 domine
925 4837 1125 4922 Margarethe
1157 4838 1344 4922 Wagyczna
1375 4849 1497 4915 vocate,
