3472 5242
245 345 308 405 2²4
661 324 728 380 Dac
762 335 828 398 177.
849 356 887 366 -
912 323 969 381 Aa.
996 334 1082 400 1525.

834 549 914 616 1'7‘1.

347 711 421 762 Anno
440 708 519 761 1523.
540 709 553 758 5
585 707 720 759 februarii.
743 707 832 760 Crisii.

248 839 455 896 Communitate
477 836 602 892 claritatis
622 843 751 908 rogante,
774 843 809 894 ut
821 835 900 909 fiaes
908 837 1119 908 possessionum
1137 837 1342 910 restituantur,
1353 836 1512 911 Johanaes

247 946 413 1019 Torquatus
435 944 527 999 barrus
560 942 685 1014 capitula
716 940 856 998 dusmensi
872 943 1026 1015 praecipit,
1063 950 1096 997 at
1128 943 1253 1014 legatum
1290 960 1372 998 suum
1405 944 1508 1004 au'ttat.

346 1082 467 1143 Amicis
491 1081 556 1143 suis
580 1080 762 1141 reverendis
786 1081 927 1162 capitulo
951 1080 1084 1142 ecclesie
1108 1079 1313 1157 ehamensis,
1348 1079 1510 1142 lohannes

242 1189 430 1269 Torquatus
455 1206 563 1248 comes
588 1186 751 1247 Corbauie
775 1205 811 1247 ac
835 1204 1009 1265 regnorum
1027 1185 1202 1263 Dalmacie,
1220 1185 1355 1246 Croacie
1373 1200 1403 1246 et
1420 1185 1509 1247 Scla-

242 1294 339 1355 uonie
363 1295 475 1371 banus,
499 1291 677 1354 amiciciam
704 1305 844 1373 paratam
870 1311 942 1353 cum
967 1291 1100 1353 honore.
1119 1291 1242 1352 Dicitur
1265 1292 1359 1353 nobis
1382 1291 1413 1352 in
1438 1310 1509 1373 per·

241 1399 328 1460 sonis
352 1399 546 1480 prudentum
570 1412 601 1459 et
624 1398 928 1478 circumspectorum
962 1396 1076 1478 judicis
1109 1411 1140 1458 et
1174 1395 1352 1476 juratorum
1388 1409 1508 1458 cetero·

242 1524 378 1585 rumque
402 1504 520 1565 civium
546 1503 684 1564 civitatis
707 1503 826 1564 montis
850 1502 1029 1580 Grecensis,
1061 1503 1228 1584 quomodo
1262 1504 1375 1564 eadem
1399 1503 1510 1564 civitas

241 1611 383 1692 ipsorum
409 1610 643 1691 exponentium
669 1629 762 1671 mons
787 1609 957 1671 Grecensis
982 1609 1013 1669 in
1047 1609 1200 1669 comitatu
1233 1610 1430 1689 zagrabiensi
1456 1628 1508 1670 ex-

241 1716 348 1793 istens,
373 1726 458 1777 nunc
483 1716 568 1797 apud
601 1735 715 1776 manus
746 1716 935 1776 eorumdem
968 1715 1201 1797 exponencium
1227 1714 1357 1796 pacifice
1389 1714 1508 1793 habita,

239 1821 397 1903 legittima
422 1823 684 1883 reambulacione
720 1834 751 1884 et
785 1841 941 1882 novarum
979 1834 1136 1882 metarum
1173 1821 1338 1883 ereccione
1373 1821 1508 1881 circum·

239 1947 367 2009 quaque
393 1928 569 2009 plurimum
597 1927 771 2009 indigeret;
796 1947 892 2008 super
916 1947 981 2008 quo
1014 1941 1150 1988 vestram
1183 1927 1362 1989 amiciciam
1393 1926 1506 1988 harum

239 2034 319 2095 serie
344 2035 483 2115 petimus
504 2033 686 2115 diligenter,
719 2048 877 2115 quatenus
908 2047 1048 2095 vestrum
1083 2034 1216 2095 mittatis
1250 2033 1415 2095 hominem
1448 2052 1506 2114 pro

238 2139 423 2201 testimonio
447 2138 658 2220 fidedignum,
683 2159 749 2220 quo
773 2153 919 2221 presente
936 2140 1089 2201 Nicolaus
1106 2139 1146 2201 de
1164 2140 1306 2218 Pezerio,
1322 2139 1370 2200 sin
1390 2138 1507 2200 Paulus

239 2247 277 2306 de
301 2246 471 2326 Nezpessa,
497 2245 547 2306 vel
574 2245 735 2306 lohannes
759 2244 798 2306 de
822 2244 935 2306 eadem
959 2264 1015 2306 seu
1039 2244 1119 2305 alter
1152 2244 1313 2306 lohannes
1346 2245 1442 2326 Parys
1466 2244 1506 2305 de

238 2351 445 2429 Adamowcz,
470 2350 537 2412 sive
569 2351 730 2431 Georgius
763 2350 945 2433 Barbarych
979 2350 1018 2411 de
1044 2351 1232 2412 lazenowcz
1267 2365 1321 2411 aut
1345 2349 1507 2411 lohannes

239 2456 358 2538 Sampo
383 2456 422 2517 de
448 2455 712 2538 Thoplychycza,
737 2456 808 2517 aliis
831 2456 1026 2534 absentibus,
1050 2455 1150 2517 homo
1174 2470 1292 2534 noster,
1317 2455 1357 2516 ad
1390 2454 1504 2516 faciem

238 2561 320 2622 dicte
345 2562 482 2623 civitatis
506 2563 625 2623 montis
651 2562 820 2623 Grecensis
843 2561 956 2623 vicinis
973 2575 1003 2623 et
1020 2562 1250 2623 commetaneis
1269 2561 1413 2622 eiusdem
1434 2561 1504 2621 uni·

237 2668 336 2729 versis
359 2667 440 2728 inibi
465 2668 621 2748 legittime
644 2668 828 2729 convocatis
850 2682 881 2728 et
905 2668 1104 2749 presentibus
1129 2667 1294 2744 accedens,
1326 2666 1505 2729 reambulet

237 2773 373 2834 eandem
407 2773 568 2834 civitatem
593 2774 844 2855 circumquaque
868 2792 925 2854 per
949 2793 1021 2834 suas
1045 2793 1134 2833 veras
1159 2786 1190 2834 et
1213 2773 1361 2854 antiquas
1395 2786 1504 2850 metas,

237 2898 337 2940 novas
360 2878 446 2958 juxta
471 2892 593 2939 veteres
619 2879 650 2940 in
676 2879 756 2940 locis
790 2879 975 2940 necessariis
1007 2878 1172 2958 erigendo,
1207 2879 1503 2959 reambulatamque

237 2998 267 3045 et
290 2987 329 3046 ab
354 2984 495 3046 aliorum
520 2984 642 3059 juribus
666 2985 923 3066 possessionariis
946 2986 1103 3046 metaliter
1120 2998 1298 3066 separatam
1321 2999 1351 3046 et
1375 2984 1503 3045 distinc-

235 3103 300 3150 tam
324 3089 497 3170 relinquat,
523 3103 704 3171 statuatque
728 3090 863 3151 eandem
890 3088 1018 3172 prelatis
1043 3091 1277 3171 exponentibus
1294 3089 1362 3170 jure
1380 3089 1501 3150 eisdem

235 3195 440 3256 incumbente
480 3210 636 3277 perpetuo
672 3195 910 3277 possidendam,
947 3197 971 3256 si
1010 3215 1075 3256 non
1120 3194 1215 3256 luerit
1250 3195 1502 3270 contradictum

236 3300 489 3362 contradictores
511 3320 598 3377 vero,
623 3301 647 3361 si
681 3302 735 3382 qui
760 3300 889 3379 luerint,
920 3313 1032 3362 evocet
1064 3300 1192 3362 eosdem
1225 3315 1333 3363 contra
1366 3299 1505 3382 prefatos

236 3419 435 3489 exponentes
460 3419 600 3467 nostram
625 3407 656 3467 in
692 3408 888 3489 presenciam
920 3427 955 3467 ac
988 3420 1115 3468 octavas
1148 3405 1218 3467 festi
1250 3406 1503 3488 Epiphaniarum

235 3512 359 3574 domini
384 3512 528 3594 proxime
553 3512 677 3573 venturi
702 3513 733 3573 in
758 3512 867 3573 sedem
900 3513 1151 3593 zagrabiensem,
1184 3512 1345 3574 racionem
1378 3527 1501 3574 contra·

235 3618 389 3679 diccionis
415 3636 528 3679 eorum
553 3617 744 3695 reddituros,
769 3631 799 3678 et
823 3631 894 3698 post
919 3617 976 3679 hec
1000 3616 1186 3680 huiusmodi
1220 3618 1499 3686 reambulacionis,

235 3738 391 3784 metarum
418 3723 592 3784 ereccionis
623 3735 653 3784 et
685 3723 871 3785 statucionis
906 3724 1021 3784 seriem
1058 3742 1130 3783 cum
1163 3722 1307 3783 cursibus
1343 3736 1501 3784 metarum

236 3829 313 3889 inibi
340 3828 576 3908 erigendarum,
600 3829 936 3910 contradictorumque
961 3842 991 3889 et
1015 3843 1233 3905 evocatorum,
1257 3828 1354 3909 siqui
1373 3827 1501 3907 luerint,

236 3934 480 4014 vicinorumque
506 3948 536 3994 et
561 3948 767 3995 evocatorum
792 3949 1099 4011 commetaneorum,
1124 3934 1179 4014 qui
1214 3934 1366 4015 premisse
1399 3954 1500 3995 ream·

234 4038 397 4099 bulacioni
425 4052 455 4098 et
479 4039 649 4099 statucioni
675 4039 851 4100 intererunt
875 4040 1071 4116 nominibus,
1103 4052 1232 4101 octavas
1263 4039 1301 4099 ad
1332 4040 1500 4121 predictas,

233 4158 268 4205 ut
291 4143 386 4205 luerit
410 4143 592 4224 expediens,
617 4144 711 4205 nobis
735 4164 794 4205 suo
819 4144 918 4206 modo
943 4146 1153 4206 amicabiliter
1170 4145 1349 4206 rescribatis
1375 4146 1406 4206 in
1433 4145 1498 4206 dic-

233 4262 297 4310 tam
322 4248 431 4310 sedem
449 4249 698 4328 zagrabiensem.
717 4250 881 4311 Presentes
905 4265 1011 4312 autem
1036 4250 1144 4330 sigillo
1161 4270 1247 4312 novo
1264 4252 1381 4331 egregii
1408 4251 1498 4312 Pauli

234 4354 421 4435 Kerecheny
446 4354 484 4414 de
525 4353 766 4436 Kanyaffewlde
801 4355 946 4417 vicebani
982 4370 1013 4418 et
1044 4356 1171 4423 comitis
1207 4355 1305 4417 nostri
1340 4355 1499 4417 crisiensis

232 4458 365 4521 lecimus
389 4459 579 4540 consignari.
606 4461 722 4522 Datum
748 4460 842 4522 Crisii
868 4460 945 4523 feria
970 4463 1081 4543 quinta
1106 4462 1250 4543 proxima
1273 4475 1346 4522 ante
1376 4460 1493 4522 festum

235 4566 325 4626 beate
351 4565 513 4626 Dorothee
539 4567 670 4647 virginis
694 4581 725 4627 et
748 4568 895 4630 martiris.
920 4573 1017 4631 Anno
1049 4568 1172 4629 domini
1204 4568 1376 4629 millesimo
1405 4567 1499 4648 quin-

232 4671 411 4751 gentesimo
437 4672 592 4752 vigesimo
616 4672 725 4734 tercio.
