3472 5242
237 378 295 442 ¹72
654 363 728 424 Doc.
754 376 818 439 135.
842 398 884 406 -
908 364 965 424 An.
989 358 1075 437 1516.

235 468 297 475 -—
304 470 438 475 .-——.-
448 470 725 476 -—--——-

236 590 390 669 diaconis,
415 591 577 653 canonicis
599 603 665 651 tam
690 589 920 652 cathedralium
944 604 1008 652 tam
1034 590 1275 672 collegiatarum
1292 589 1497 669 ecclesiarum

233 697 420 777 rectoribus,
458 715 635 778 eorumque
671 696 757 758 vices
787 697 982 778 gerentibus,
1018 696 1201 780 capellanis,
1237 694 1498 778 capellarumque

182 803 189 822 '
234 803 410 865 rectoribus
433 815 464 864 et
487 785 648 880 altarium,
672 802 849 883 ceterisque
872 804 1057 885 presbiteris
1080 803 1197 864 curatis
1228 815 1259 864 et
1282 820 1348 862 non
1373 801 1498 879 curatis,

233 908 365 970 notariis
389 920 420 969 et
440 889 669 970 tabellionibus
692 907 830 989 publicis
865 922 896 969 et
928 910 1173 990 quibuscunque
1198 909 1231 969 in
1255 921 1286 969 et
1307 907 1365 968 sub
1392 906 1499 968 dioce-

233 1013 321 1076 sibus
355 1014 570 1095 strigoniensi,
604 1013 775 1092 colocensi,
812 1013 984 1092 bachiensi,
1017 1014 1357 1097 quinqueecclesiensi,
1390 1007 1498 1094 zagra-

233 1119 347 1198 biensi,
386 1119 628 1201 wesprimiensi,
664 1119 844 1201 yawriensi,
876 1120 1027 1197 vaciensi,
1063 1120 1217 1199 nitriensi,
1250 1120 1385 1200 aliisque
1417 1119 1498 1180 intra

234 1225 391 1286 ambitum
415 1225 505 1306 regni
530 1223 696 1305 Hungarie
721 1239 751 1286 et
774 1225 852 1286 alias
885 1225 989 1287 ubivis
1020 1226 1199 1288 constitutis
1230 1239 1262 1287 et
1293 1225 1500 1286 existentibus

235 1345 266 1393 et
289 1331 494 1412 singulariter
510 1331 603 1392 vobis
620 1331 776 1392 dominis:
803 1333 842 1393 N.
866 1332 964 1393 sancti
989 1332 1088 1394 Marci
1114 1332 1232 1393 montis
1256 1330 1435 1409 Grecensis,
1458 1332 1499 1391 N.

234 1475 258 1515 ς.
283 1437 415 1498 loannis
439 1436 478 1497 de
502 1438 595 1498 Nova
618 1437 705 1515 villa,
729 1439 769 1499 N.
793 1458 818 1499 s.
843 1438 977 1498 Antonii
1007 1437 1045 1498 de
1071 1439 1142 1499 vico
1177 1437 1376 1516 Latinorum,
1409 1439 1448 1499 N.
1473 1457 1498 1498 s.

234 1542 364 1604 Martini
388 1543 428 1604 de
452 1543 524 1604 vico
548 1557 704 1622 sutorum,
721 1543 958 1624 zagrabiensis;
976 1545 1012 1604 N.
1039 1545 1069 1605 b.
1087 1544 1229 1625 virginis,
1247 1545 1286 1606 N.
1311 1565 1334 1606 s.
1362 1543 1498 1621 Nicolai,

235 1649 274 1710 N.
298 1668 322 1710 s.
348 1649 515 1710 Laurencii
547 1662 578 1710 et
609 1651 649 1711 N.
675 1671 698 1710 s.
733 1650 828 1729 Petri,
861 1650 1091 1731 strigoniensis,
1122 1650 1256 1731 aliisque
1287 1650 1438 1712 omnibus
1469 1663 1500 1710 et

234 1754 369 1835 singulis
394 1754 600 1816 ecclesiarum
624 1754 857 1837 parochialium
881 1755 1029 1837 plebanis
1045 1756 1077 1816 in
1094 1770 1125 1816 et
1142 1757 1201 1818 sub
1217 1755 1369 1844 predictis
1393 1755 1499 1817 dioce-

234 1860 323 1921 sibus
347 1874 377 1922 et
400 1860 479 1922 alias
503 1861 638 1924 ubilibet
663 1863 881 1941 existentibus,
905 1862 946 1924 ad
970 1883 1066 1944 quem
1101 1879 1132 1926 et
1155 1863 1194 1925 ad
1227 1883 1308 1944 quos
1338 1876 1500 1945 presentes

235 1979 341 2028 nostre
366 1967 469 2028 littere
494 1968 698 2049 pervenerint
720 1981 752 2029 et
776 1968 830 2050 qui
864 1987 935 2030 cum
961 1970 1161 2051 presentibus
1192 1967 1315 2030 fueritis
1344 1969 1499 2049 requisiti,

234 2092 291 2134 seu
319 2073 398 2134 alter
429 2087 570 2135 vestrum
601 2073 696 2136 fuerit
728 2074 898 2155 requisitus
926 2088 991 2135 tam
1025 2074 1198 2156 conjuctim
1232 2094 1330 2155 quam
1361 2074 1500 2153 divisim,

235 2178 371 2239 salutem
389 2178 421 2239 in
446 2179 580 2240 domino
604 2181 829 2261 sempiternam
855 2192 886 2240 et
908 2179 1023 2240 nostris
1058 2180 1158 2241 immo
1183 2181 1288 2242 verius
1317 2179 1501 2262 apostolicis

234 2284 367 2346 firmiter
414 2284 545 2347 obedire
592 2286 759 2348 mandatis.
811 2285 1053 2368 Diligenterque
1100 2286 1217 2348 habere
1258 2288 1290 2348 in
1323 2287 1500 2349 commissis

236 2390 355 2452 litteras
378 2391 540 2472 siquidem
558 2391 671 2473 prefati
696 2392 884 2454 sanctissimi
902 2392 1025 2453 domini
1039 2393 1137 2453 nostri
1151 2412 1232 2475 pape
1243 2394 1302 2454 sub
1312 2393 1417 2474 sigillo
1435 2392 1498 2474 pis-

235 2497 360 2575 catoris,
373 2516 463 2559 more
486 2517 619 2560 romane
632 2498 717 2560 curie
735 2496 905 2578 confectas,
922 2518 1014 2560 sanas
1022 2511 1053 2561 et
1066 2499 1204 2580 integras
1217 2518 1252 2560 ac
1269 2499 1358 2560 omni
1370 2517 1500 2580 prorsus

235 2603 425 2685 suspicionis
437 2603 520 2665 vicio
544 2618 686 2667 carentes
709 2625 781 2666 cum
807 2605 912 2666 charta
933 2605 1319 2687 supplicationispapirea
1329 2604 1499 2666 interclusa

236 2728 343 2771 coram
360 2711 496 2787 notario,
519 2710 717 2791 testibusque
741 2708 948 2791 infrascriptis
971 2731 1028 2792 per
1051 2710 1220 2771 dominum
1238 2692 1443 2772 Leonardum
1460 2708 1500 2770 de

237 2815 331 2877 Obed
348 2829 454 2877 sancta
471 2836 573 2894 cruce,
581 2815 829 2898 prebendarium
840 2816 928 2878 chori
952 2815 1082 2879 ecclesie
1098 2816 1312 2897 zagrabiensis
1336 2816 1368 2876 in
1384 2834 1439 2876 sua
1470 2828 1501 2875 et

237 2922 340 2983 tocius
363 2923 601 2984 communitatis
624 2922 910 3004 prebendariorum
928 2923 1015 2984 chori
1034 2922 1178 2984 eiusdem
1195 2922 1289 2983 nobis
1305 2933 1501 3003 presentatus

237 3047 362 3089 summa
387 3048 459 3090 cum
484 3029 665 3091 reverencia
688 3044 719 3091 et
742 3029 931 3092 obediencia
956 3029 1107 3090 noveritis
1131 3048 1190 3089 nos
1213 3027 1367 3108 recepisse
1392 3025 1500 3087 huius·

237 3133 325 3194 modi
350 3147 381 3195 et
415 3136 474 3196 sub
498 3135 554 3197 tali
589 3148 718 3196 tenore:
744 3134 822 3216 (vid.
847 3135 926 3197 Doc.
966 3155 1034 3217 132.
1070 3134 1110 3196 de
1135 3154 1209 3195 ann.
1239 3134 1329 3213 1516.
1356 3151 1406 3192 aa.
1431 3150 1500 3213 sep-

238 3240 391 3322 tembris.)
424 3241 499 3302 Post
543 3241 813 3323 quarumquidem
850 3241 1027 3302 litterarum
1061 3239 1310 3321 apostolicarum
1340 3250 1500 3318 presenta-

237 3345 396 3408 tacionem
421 3361 452 3408 et
479 3348 701 3429 recepcionem
735 3348 828 3408 nobis
860 3361 890 3408 et
918 3367 974 3429 per
1005 3366 1074 3423 nos,
1106 3359 1141 3406 ut
1172 3343 1364 3426 premittitur
1393 3341 1501 3420 factas,

238 3448 358 3512 luimus
378 3472 435 3534 per
459 3452 617 3534 prelatum
643 3452 812 3514 dominum
838 3451 1043 3514 Leonardum
1068 3452 1100 3512 in
1125 3471 1180 3511 sua
1198 3470 1233 3511 ac
1250 3467 1389 3529 quorum
1406 3468 1500 3529 supra

237 3557 382 3637 personis
406 3558 512 3620 debita
537 3578 609 3619 curn
633 3558 786 3619 instancia
811 3558 966 3639 requisiti,
984 3571 1018 3617 ut
1041 3557 1081 3617 ad
1099 3556 1326 3617 execucionem
1347 3554 1501 3635 prescrip·
1535 3605 1537 3612 .

238 3675 341 3723 tarum
366 3663 542 3724 litterarum
566 3662 815 3744 apostolicarum
841 3662 941 3723 iuxtra
965 3662 1114 3723 traditam
1138 3681 1193 3722 seu
1224 3661 1377 3721 directam
1408 3658 1501 3719 nobis

239 3765 375 3829 formam
410 3767 593 3850 procedere,
627 3769 811 3850 litterasque
843 3769 1003 3829 citatorias
1037 3787 1111 3828 curn
1147 3766 1359 3848 inquisicione
1392 3778 1501 3824 contra

239 3871 398 3954 prelatum
423 3874 621 3936 Demetrium
647 3874 844 3955 prepositum
869 3873 951 3934 dicte
977 3872 1109 3934 ecclesie
1133 3873 1163 3934 b.
1188 3872 1319 3952 virginis
1341 3871 1373 3931 in
1398 3853 1501 3930 forma

238 3977 331 4038 solita
356 3990 387 4040 et
410 3993 559 4041 consveta
584 3980 670 4057 dare,
694 3980 929 4060 decernereque
953 3979 1168 4059 dignaremur.
1185 3978 1251 4038 Nos
1275 3990 1381 4037 autem
1399 3978 1499 4036 atten-

240 4082 350 4144 dentes
374 4084 558 4145 huiusmodi
582 4085 829 4167 requisicionem
861 4082 929 4144 lore
961 4083 1076 4163 justam
1109 4097 1139 4143 et
1171 4082 1290 4143 racioni
1314 4099 1500 4157 consonam,

239 4186 395 4268 prefatam
419 4189 605 4251 citationem
619 4210 693 4252 curn
707 4189 902 4251 inhibicione
917 4203 1012 4271 prout
1025 4210 1042 4250 a
1057 4189 1151 4249 nobis
1168 4187 1344 4269 petebatur,
1361 4184 1500 4245 dandam

241 4293 399 4372 duximus,
425 4295 602 4377 damusque
627 4309 657 4357 et
681 4296 882 4357 decernimus
903 4315 960 4377 per
988 4308 1159 4376 presentes.
1191 4292 1310 4354 Vestris
1343 4291 1437 4370 igitur
1471 4304 1502 4350 et

240 4412 379 4460 vestrum
404 4400 536 4464 cuilibet
559 4402 729 4464 devocioni
754 4403 785 4464 in
811 4403 925 4463 virtute
948 4415 1053 4462 sancte
1079 4397 1266 4461 obediencie
1290 4410 1321 4456 et
1344 4395 1402 4455 sub
1419 4414 1501 4475 pena

241 4506 597 4586 excommunicacionis,
622 4527 718 4589 quam
752 4509 782 4570 in
808 4527 865 4569 vos
890 4522 921 4569 et
952 4519 1091 4567 vestrum
1116 4502 1293 4585 quemlibet
1317 4499 1501 4561 huiusmodi

241 4610 429 4672 mandatum
453 4611 598 4675 nostrum
633 4615 734 4675 immo
757 4614 869 4696 pocius
899 4611 1112 4696 apostolicum
1145 4607 1374 4682 recusantibus,
1404 4606 1501 4666 trium

241 4713 366 4776 dierum
390 4717 543 4779 canonica
566 4719 750 4783 monicione
774 4719 926 4802 premissa
949 4737 967 4778 a
991 4716 1043 4778 die
1067 4712 1277 4776 exhibicionis
1299 4711 1500 4793 presencium

243 4818 333 4882 vobis
356 4819 396 4880 de
420 4821 496 4903 ipsis
519 4823 704 4887 immediate
728 4824 936 4910 sequentibus
961 4818 1189 4902 computando,
1213 4815 1345 4879 ferimus
1375 4815 1408 4877 in
1440 4813 1502 4876 hiis
