<?xml version="1.0" encoding="UTF-8"?>
<!DOCTYPE html PUBLIC "-//W3C//DTD XHTML 1.0 Transitional//EN"
    "http://www.w3.org/TR/xhtml1/DTD/xhtml1-transitional.dtd">
<html xmlns="http://www.w3.org/1999/xhtml" xml:lang="en" lang="en">
 <head>
  <title>
</title>
<meta http-equiv="Content-Type" content="text/html;charset=utf-8" />
  <meta name='ocr-system' content='tesseract 3.04.00' />
  <meta name='ocr-capabilities' content='ocr_page ocr_carea ocr_par ocr_line ocrx_word'/>
</head>
<body>
  <div class='ocr_page' id='page_1' title='image "./monumentahistor12laszgoog_0255.png"; bbox 0 0 3472 5242; ppageno 0'>
   <div class='ocr_carea' id='block_1_1' title="bbox 234 310 1069 391">
    <p class='ocr_par' dir='ltr' id='par_1_1' title="bbox 234 310 1069 391">
     <span class='ocr_line' id='line_1_1' title="bbox 234 310 1069 391; baseline 0.002 -19"><span class='ocrx_word' id='word_1_1' title='bbox 234 330 293 391; x_wconf 84' lang='lat'>¹24</span> <span class='ocrx_word' id='word_1_2' title='bbox 641 310 716 374; x_wconf 78' lang='lat' dir='ltr'>Dor.</span> <span class='ocrx_word' id='word_1_3' title='bbox 740 310 810 374; x_wconf 82' lang='lat'><em>106.</em></span> <span class='ocrx_word' id='word_1_4' title='bbox 834 348 876 358; x_wconf 91' lang='lat'>-</span> <span class='ocrx_word' id='word_1_5' title='bbox 900 314 957 374; x_wconf 80' lang='lat' dir='ltr'>An.</span> <span class='ocrx_word' id='word_1_6' title='bbox 982 326 1069 391; x_wconf 78' lang='lat'><em>1513.</em></span> 
     </span>
    </p>
   </div>
   <div class='ocr_carea' id='block_1_2' title="bbox 1365 423 1488 431">
    <p class='ocr_par' dir='ltr' id='par_1_2' title="bbox 1365 423 1488 431">
     <span class='ocr_line' id='line_1_2' title="bbox 1365 423 1488 431; baseline 0.024 -3"><span class='ocrx_word' id='word_1_7' title='bbox 1365 423 1488 431; x_wconf 77' lang='lat'>——-—-—-</span> 
     </span>
    </p>
   </div>
   <div class='ocr_carea' id='block_1_3' title="bbox 226 540 1492 1683">
    <p class='ocr_par' dir='ltr' id='par_1_3' title="bbox 226 540 1492 1365">
     <span class='ocr_line' id='line_1_3' title="bbox 229 540 1492 625; baseline 0.001 -23"><span class='ocrx_word' id='word_1_8' title='bbox 229 543 333 604; x_wconf 89' lang='lat' dir='ltr'>vocati</span> <span class='ocrx_word' id='word_1_9' title='bbox 357 542 389 604; x_wconf 93' lang='lat' dir='ltr'>in</span> <span class='ocrx_word' id='word_1_10' title='bbox 410 542 509 604; x_wconf 89' lang='lat' dir='ltr'>fluvio</span> <span class='ocrx_word' id='word_1_11' title='bbox 530 543 628 625; x_wconf 88' lang='lat' dir='ltr'>Zawy</span> <span class='ocrx_word' id='word_1_12' title='bbox 647 554 678 603; x_wconf 94' lang='lat' dir='ltr'>et</span> <span class='ocrx_word' id='word_1_13' title='bbox 697 541 852 604; x_wconf 89' lang='lat' dir='ltr'>comitatu</span> <span class='ocrx_word' id='word_1_14' title='bbox 871 541 1068 622; x_wconf 88' lang='lat' dir='ltr'>zagrabiensi</span> <span class='ocrx_word' id='word_1_15' title='bbox 1086 541 1288 602; x_wconf 88' lang='lat' dir='ltr'>existentium</span> <span class='ocrx_word' id='word_1_16' title='bbox 1302 540 1492 622; x_wconf 90' lang='lat' dir='ltr'>habitarum,</span> 
     </span>
     <span class='ocr_line' id='line_1_4' title="bbox 228 645 1491 730; baseline 0 -21"><span class='ocrx_word' id='word_1_17' title='bbox 228 647 314 730; x_wconf 89' lang='lat' dir='ltr'>ipsos</span> <span class='ocrx_word' id='word_1_18' title='bbox 345 647 484 730; x_wconf 86' lang='lat' dir='ltr'>judicem</span> <span class='ocrx_word' id='word_1_19' title='bbox 513 663 544 709; x_wconf 91' lang='lat' dir='ltr'>et</span> <span class='ocrx_word' id='word_1_20' title='bbox 576 648 660 709; x_wconf 91' lang='lat' dir='ltr'>cives</span> <span class='ocrx_word' id='word_1_21' title='bbox 690 645 850 729; x_wconf 89' lang='lat' dir='ltr'>predictos</span> <span class='ocrx_word' id='word_1_22' title='bbox 868 646 987 708; x_wconf 89' lang='lat' dir='ltr'>·omnis</span> <span class='ocrx_word' id='word_1_23' title='bbox 1009 645 1086 727; x_wconf 85' lang='lat' dir='ltr'>juris</span> <span class='ocrx_word' id='word_1_24' title='bbox 1109 646 1203 708; x_wconf 90' lang='lat' dir='ltr'>titulo</span> <span class='ocrx_word' id='word_1_25' title='bbox 1229 647 1491 709; x_wconf 84' lang='lat' dir='ltr'>concernentium</span> 
     </span>
     <span class='ocr_line' id='line_1_5' title="bbox 228 753 1491 835; baseline -0.001 -20"><span class='ocrx_word' id='word_1_26' title='bbox 228 754 384 835; x_wconf 82' lang='lat' dir='ltr'><strong>legittime</strong></span> <span class='ocrx_word' id='word_1_27' title='bbox 414 768 563 817; x_wconf 89' lang='lat' dir='ltr'>evocatus</span> <span class='ocrx_word' id='word_1_28' title='bbox 595 767 736 816; x_wconf 89' lang='lat' dir='ltr'>nostram</span> <span class='ocrx_word' id='word_1_29' title='bbox 769 754 802 814; x_wconf 91' lang='lat' dir='ltr'>in</span> <span class='ocrx_word' id='word_1_30' title='bbox 832 754 1027 835; x_wconf 84' lang='lat' dir='ltr'>presenciam</span> <span class='ocrx_word' id='word_1_31' title='bbox 1057 772 1123 814; x_wconf 94' lang='lat' dir='ltr'>non</span> <span class='ocrx_word' id='word_1_32' title='bbox 1147 753 1234 814; x_wconf 87' lang='lat' dir='ltr'>venit</span> <span class='ocrx_word' id='word_1_33' title='bbox 1258 772 1363 834; x_wconf 92' lang='lat' dir='ltr'>neque</span> <span class='ocrx_word' id='word_1_34' title='bbox 1388 753 1491 830; x_wconf 81' lang='lat' dir='ltr'>misit3</span> 
     </span>
     <span class='ocr_line' id='line_1_6' title="bbox 229 859 1492 944; baseline 0 -23"><span class='ocrx_word' id='word_1_35' title='bbox 229 861 315 923; x_wconf 87' lang='lat' dir='ltr'>unde</span> <span class='ocrx_word' id='word_1_36' title='bbox 347 861 451 944; x_wconf 93' lang='lat' dir='ltr'>ipsum</span> <span class='ocrx_word' id='word_1_37' title='bbox 487 861 518 921; x_wconf 95' lang='lat' dir='ltr'>in</span> <span class='ocrx_word' id='word_1_38' title='bbox 542 859 663 941; x_wconf 85' lang='lat' dir='ltr'>judicio</span> <span class='ocrx_word' id='word_1_39' title='bbox 688 859 912 921; x_wconf 86' lang='lat' dir='ltr'><strong>commisimus</strong></span> <span class='ocrx_word' id='word_1_40' title='bbox 936 859 1003 921; x_wconf 89' lang='lat' dir='ltr'>lore</span> <span class='ocrx_word' id='word_1_41' title='bbox 1026 859 1219 937; x_wconf 89' lang='lat' dir='ltr'>convictum,</span> <span class='ocrx_word' id='word_1_42' title='bbox 1242 860 1268 920; x_wconf 91' lang='lat' dir='ltr'>si</span> <span class='ocrx_word' id='word_1_43' title='bbox 1292 879 1325 920; x_wconf 89' lang='lat' dir='ltr'>se</span> <span class='ocrx_word' id='word_1_44' title='bbox 1350 859 1492 921; x_wconf 88' lang='lat' dir='ltr'>raciona-</span> 
     </span>
     <span class='ocr_line' id='line_1_7' title="bbox 229 964 1492 1048; baseline -0.002 -20"><span class='ocrx_word' id='word_1_45' title='bbox 229 967 335 1028; x_wconf 91' lang='lat' dir='ltr'>biliter</span> <span class='ocrx_word' id='word_1_46' title='bbox 365 987 431 1028; x_wconf 90' lang='lat' dir='ltr'>non</span> <span class='ocrx_word' id='word_1_47' title='bbox 465 966 581 1048; x_wconf 92' lang='lat' dir='ltr'>poterit</span> <span class='ocrx_word' id='word_1_48' title='bbox 612 985 771 1027; x_wconf 87' lang='lat' dir='ltr'>excusare.</span> <span class='ocrx_word' id='word_1_49' title='bbox 796 965 961 1027; x_wconf 88' lang='lat' dir='ltr'>Presentes</span> <span class='ocrx_word' id='word_1_50' title='bbox 994 977 1100 1026; x_wconf 91' lang='lat' dir='ltr'>autem</span> <span class='ocrx_word' id='word_1_51' title='bbox 1136 964 1243 1046; x_wconf 90' lang='lat' dir='ltr'>sigillo</span> <span class='ocrx_word' id='word_1_52' title='bbox 1275 965 1394 1047; x_wconf 79' lang='lat' dir='ltr'>egregii</span> <span class='ocrx_word' id='word_1_53' title='bbox 1420 965 1492 1026; x_wconf 89' lang='lat' dir='ltr'>Bal·</span> 
     </span>
     <span class='ocr_line' id='line_1_8' title="bbox 227 1069 1492 1167; baseline -0.002 -33"><span class='ocrx_word' id='word_1_54' title='bbox 227 1071 360 1134; x_wconf 89' lang='lat' dir='ltr'>thasaris</span> <span class='ocrx_word' id='word_1_55' title='bbox 384 1073 423 1134; x_wconf 92' lang='lat' dir='ltr'>de</span> <span class='ocrx_word' id='word_1_56' title='bbox 449 1072 593 1155; x_wconf 90' lang='lat' dir='ltr'>Bathyan</span> <span class='ocrx_word' id='word_1_57' title='bbox 617 1072 763 1133; x_wconf 79' lang='lat' dir='ltr'>viceb‘ani</span> <span class='ocrx_word' id='word_1_58' title='bbox 788 1084 818 1133; x_wconf 94' lang='lat' dir='ltr'>et</span> <span class='ocrx_word' id='word_1_59' title='bbox 835 1071 960 1133; x_wconf 92' lang='lat' dir='ltr'>comitis</span> <span class='ocrx_word' id='word_1_60' title='bbox 977 1070 1075 1132; x_wconf 90' lang='lat' dir='ltr'>nostri</span> <span class='ocrx_word' id='word_1_61' title='bbox 1092 1071 1251 1167; x_wconf 75' lang='lat' dir='ltr'>crisiensis</span> <span class='ocrx_word' id='word_1_62' title='bbox 1267 1069 1401 1134; x_wconf 84' lang='lat' dir='ltr'>fecimus</span> <span class='ocrx_word' id='word_1_63' title='bbox 1417 1092 1492 1134; x_wconf 91' lang='lat' dir='ltr'>con-</span> 
     </span>
     <span class='ocr_line' id='line_1_9' title="bbox 226 1176 1487 1259; baseline -0.002 -20"><span class='ocrx_word' id='word_1_64' title='bbox 226 1178 355 1259; x_wconf 89' lang='lat' dir='ltr'>signari.</span> <span class='ocrx_word' id='word_1_65' title='bbox 380 1179 496 1240; x_wconf 89' lang='lat' dir='ltr'>Datum</span> <span class='ocrx_word' id='word_1_66' title='bbox 522 1177 676 1258; x_wconf 88' lang='lat' dir='ltr'>Zagrabie</span> <span class='ocrx_word' id='word_1_67' title='bbox 699 1190 813 1258; x_wconf 91' lang='lat' dir='ltr'>quarto</span> <span class='ocrx_word' id='word_1_68' title='bbox 837 1177 888 1237; x_wconf 91' lang='lat' dir='ltr'>die</span> <span class='ocrx_word' id='word_1_69' title='bbox 911 1176 1039 1237; x_wconf 85' lang='lat' dir='ltr'>termini</span> <span class='ocrx_word' id='word_1_70' title='bbox 1064 1176 1233 1258; x_wconf 89' lang='lat' dir='ltr'>prenotati.</span> <span class='ocrx_word' id='word_1_71' title='bbox 1250 1182 1346 1239; x_wconf 87' lang='lat' dir='ltr'>Anno</span> <span class='ocrx_word' id='word_1_72' title='bbox 1364 1177 1487 1239; x_wconf 89' lang='lat' dir='ltr'>domini</span> 
     </span>
     <span class='ocr_line' id='line_1_10' title="bbox 228 1281 891 1365; baseline 0 -21"><span class='ocrx_word' id='word_1_73' title='bbox 228 1283 401 1345; x_wconf 89' lang='lat' dir='ltr'>millesimo</span> <span class='ocrx_word' id='word_1_74' title='bbox 424 1283 682 1365; x_wconf 88' lang='lat' dir='ltr'>quingentesimo</span> <span class='ocrx_word' id='word_1_75' title='bbox 705 1281 891 1344; x_wconf 90' lang='lat' dir='ltr'>tredecimo.</span> 
     </span>
    </p>

    <p class='ocr_par' dir='ltr' id='par_1_4' title="bbox 229 1389 1491 1683">
     <span class='ocr_line' id='line_1_11' title="bbox 333 1389 1491 1472; baseline 0 -22"><span class='ocrx_word' id='word_1_76' title='bbox 333 1407 365 1468; x_wconf 75' lang='grc' dir='ltr'>(Α</span> <span class='ocrx_word' id='word_1_77' title='bbox 385 1407 483 1472; x_wconf 77' lang='lat' dir='ltr'>tergo).</span> <span class='ocrx_word' id='word_1_78' title='bbox 508 1390 569 1451; x_wconf 88' lang='lat' dir='ltr'>Pro</span> <span class='ocrx_word' id='word_1_79' title='bbox 593 1390 804 1472; x_wconf 82' lang='lat' dir='ltr'>prudentibus</span> <span class='ocrx_word' id='word_1_80' title='bbox 827 1402 858 1451; x_wconf 91' lang='lat' dir='ltr'>et</span> <span class='ocrx_word' id='word_1_81' title='bbox 882 1389 1117 1472; x_wconf 85' lang='lat' dir='ltr'>circumspectis</span> <span class='ocrx_word' id='word_1_82' title='bbox 1139 1389 1254 1471; x_wconf 84' lang='lat' dir='ltr'>judice,</span> <span class='ocrx_word' id='word_1_83' title='bbox 1274 1389 1393 1471; x_wconf 83' lang='lat' dir='ltr'>juratis,</span> <span class='ocrx_word' id='word_1_84' title='bbox 1410 1403 1491 1451; x_wconf 90' lang='lat' dir='ltr'>cete-</span> 
     </span>
     <span class='ocr_line' id='line_1_12' title="bbox 229 1495 1491 1576; baseline 0.001 -21"><span class='ocrx_word' id='word_1_85' title='bbox 229 1496 336 1576; x_wconf 88' lang='lat' dir='ltr'>risque</span> <span class='ocrx_word' id='word_1_86' title='bbox 361 1496 484 1558; x_wconf 90' lang='lat' dir='ltr'>civibus</span> <span class='ocrx_word' id='word_1_87' title='bbox 508 1512 539 1558; x_wconf 89' lang='lat' dir='ltr'>et</span> <span class='ocrx_word' id='word_1_88' title='bbox 562 1509 627 1557; x_wconf 91' lang='lat' dir='ltr'>tota</span> <span class='ocrx_word' id='word_1_89' title='bbox 648 1496 878 1557; x_wconf 85' lang='lat' dir='ltr'>communitate</span> <span class='ocrx_word' id='word_1_90' title='bbox 900 1496 1036 1557; x_wconf 86' lang='lat' dir='ltr'>civitatis</span> <span class='ocrx_word' id='word_1_91' title='bbox 1056 1497 1175 1558; x_wconf 92' lang='lat' dir='ltr'>montis</span> <span class='ocrx_word' id='word_1_92' title='bbox 1194 1495 1363 1558; x_wconf 88' lang='lat' dir='ltr'>Grecensis</span> <span class='ocrx_word' id='word_1_93' title='bbox 1383 1509 1491 1558; x_wconf 90' lang='lat' dir='ltr'>contra</span> 
     </span>
     <span class='ocr_line' id='line_1_13' title="bbox 230 1599 1417 1683; baseline 0.002 -23"><span class='ocrx_word' id='word_1_94' title='bbox 230 1599 385 1662; x_wconf 90' lang='lat' dir='ltr'>illustrem</span> <span class='ocrx_word' id='word_1_95' title='bbox 411 1602 579 1663; x_wconf 92' lang='lat' dir='ltr'>dominum</span> <span class='ocrx_word' id='word_1_96' title='bbox 605 1602 783 1682; x_wconf 88' lang='lat' dir='ltr'>Georgium</span> <span class='ocrx_word' id='word_1_97' title='bbox 808 1600 1026 1662; x_wconf 81' lang='lat' dir='ltr'>marchionem</span> <span class='ocrx_word' id='word_1_98' title='bbox 1051 1602 1417 1683; x_wconf 86' lang='lat' dir='ltr'>Brandemburgensem.</span> 
     </span>
    </p>
   </div>
   <div class='ocr_carea' id='block_1_4' title="bbox 231 1721 1492 1878">
    <p class='ocr_par' dir='ltr' id='par_1_5' title="bbox 231 1721 1492 1878">
     <span class='ocr_line' id='line_1_14' title="bbox 339 1721 1492 1790; baseline 0.002 -15"><span class='ocrx_word' id='word_1_99' title='bbox 339 1723 475 1788; x_wconf 82' lang='lat' dir='ltr'>originale</span> <span class='ocrx_word' id='word_1_100' title='bbox 494 1721 520 1775; x_wconf 92' lang='lat' dir='ltr'>in</span> <span class='ocrx_word' id='word_1_101' title='bbox 546 1724 644 1775; x_wconf 83' lang='lat' dir='ltr'>charta.</span> <span class='ocrx_word' id='word_1_102' title='bbox 671 1724 692 1773; x_wconf 80' lang='grc' dir='ltr'>Α</span> <span class='ocrx_word' id='word_1_103' title='bbox 718 1727 794 1788; x_wconf 82' lang='lat' dir='ltr'>tergo</span> <span class='ocrx_word' id='word_1_104' title='bbox 821 1723 978 1788; x_wconf 88' lang='lat' dir='ltr'>impressum</span> <span class='ocrx_word' id='word_1_105' title='bbox 1007 1728 1048 1775; x_wconf 85' lang='lat' dir='ltr'>est</span> <span class='ocrx_word' id='word_1_106' title='bbox 1076 1721 1199 1789; x_wconf 84' lang='lat' dir='ltr'>sigillum.</span> <span class='ocrx_word' id='word_1_107' title='bbox 1229 1724 1256 1776; x_wconf 93' lang='lat' dir='ltr'>ln</span> <span class='ocrx_word' id='word_1_108' title='bbox 1282 1725 1350 1776; x_wconf 83' lang='lat' dir='ltr'>arch.</span> <span class='ocrx_word' id='word_1_109' title='bbox 1371 1725 1416 1775; x_wconf 87' lang='lat' dir='ltr'>lib.</span> <span class='ocrx_word' id='word_1_110' title='bbox 1437 1740 1492 1790; x_wconf 82' lang='lat' dir='ltr'>reg.</span> 
     </span>
     <span class='ocr_line' id='line_1_15' title="bbox 231 1811 427 1878; baseline 0.005 -15"><span class='ocrx_word' id='word_1_111' title='bbox 231 1811 302 1864; x_wconf 81' lang='lat' dir='ltr'>civit.</span> <span class='ocrx_word' id='word_1_112' title='bbox 322 1813 427 1878; x_wconf 85' lang='lat' dir='ltr'>zagrab.</span> 
     </span>
    </p>
   </div>
   <div class='ocr_carea' id='block_1_5' title="bbox 820 2042 906 2108">
    <p class='ocr_par' dir='ltr' id='par_1_6' title="bbox 820 2042 906 2108">
     <span class='ocr_line' id='line_1_16' title="bbox 820 2042 906 2108; baseline -0.023 -2"><span class='ocrx_word' id='word_1_113' title='bbox 820 2042 906 2108; x_wconf 81' lang='lat'><strong>106.</strong></span> 
     </span>
    </p>
   </div>
   <div class='ocr_carea' id='block_1_6' title="bbox 333 2169 844 2247">
    <p class='ocr_par' dir='ltr' id='par_1_7' title="bbox 333 2169 844 2247">
     <span class='ocr_line' id='line_1_17' title="bbox 333 2169 844 2247; baseline 0.002 -15"><span class='ocrx_word' id='word_1_114' title='bbox 333 2183 406 2233; x_wconf 72' lang='lat' dir='ltr'>Anno</span> <span class='ocrx_word' id='word_1_115' title='bbox 430 2183 503 2247; x_wconf 78' lang='lat'>1513,</span> <span class='ocrx_word' id='word_1_116' title='bbox 526 2183 565 2233; x_wconf 85' lang='lat'>15.</span> <span class='ocrx_word' id='word_1_117' title='bbox 586 2182 655 2234; x_wconf 85' lang='lat' dir='ltr'>maii.</span> <span class='ocrx_word' id='word_1_118' title='bbox 677 2169 794 2233; x_wconf 75' lang='lat' dir='ltr'>Casurae.</span> <span class='ocrx_word' id='word_1_119' title='bbox 841 2203 844 2209; x_wconf 93' lang='lat'>·</span> 
     </span>
    </p>
   </div>
   <div class='ocr_carea' id='block_1_7' title="bbox 229 2307 1493 2597">
    <p class='ocr_par' dir='ltr' id='par_1_8' title="bbox 229 2307 1493 2597">
     <span class='ocr_line' id='line_1_18' title="bbox 234 2307 1492 2384; baseline -0.002 -16"><span class='ocrx_word' id='word_1_120' title='bbox 234 2311 337 2368; x_wconf 77' lang='lat' dir='ltr'>Corone</span> <span class='ocrx_word' id='word_1_121' title='bbox 360 2312 484 2384; x_wconf 80' lang='lat' dir='ltr'>capitulo</span> <span class='ocrx_word' id='word_1_122' title='bbox 505 2312 643 2368; x_wconf 81' lang='lat' dir='ltr'>lnsrncnsi</span> <span class='ocrx_word' id='word_1_123' title='bbox 663 2311 819 2384; x_wconf 81' lang='lat' dir='ltr'>capitulum</span> <span class='ocrx_word' id='word_1_124' title='bbox 842 2311 1028 2382; x_wconf 81' lang='lat' dir='ltr'>aagrobr&#39;ensc</span> <span class='ocrx_word' id='word_1_125' title='bbox 1046 2310 1268 2367; x_wconf 80' lang='lat' dir='ltr'>intercessionem</span> <span class='ocrx_word' id='word_1_126' title='bbox 1282 2307 1366 2384; x_wconf 86' lang='lat' dir='ltr'>facit</span> <span class='ocrx_word' id='word_1_127' title='bbox 1391 2317 1492 2366; x_wconf 83' lang='lat' dir='ltr'>contra</span> 
     </span>
     <span class='ocr_line' id='line_1_19' title="bbox 229 2416 1493 2490; baseline -0.001 -16"><span class='ocrx_word' id='word_1_128' title='bbox 229 2418 415 2474; x_wconf 83' lang='lat' dir='ltr'>Franciscnm</span> <span class='ocrx_word' id='word_1_129' title='bbox 447 2416 546 2486; x_wconf 84' lang='lat' dir='ltr'>Kecer,</span> <span class='ocrx_word' id='word_1_130' title='bbox 571 2425 766 2490; x_wconf 80' lang='lat' dir='ltr'>proventuum</span> <span class='ocrx_word' id='word_1_131' title='bbox 789 2417 869 2490; x_wconf 80' lang='lat' dir='ltr'>episc.</span> <span class='ocrx_word' id='word_1_132' title='bbox 893 2417 1009 2489; x_wconf 82' lang='lat' dir='ltr'>zagrab.</span> <span class='ocrx_word' id='word_1_133' title='bbox 1037 2416 1308 2484; x_wconf 83' lang='lat' dir='ltr'>administratorem,</span> <span class='ocrx_word' id='word_1_134' title='bbox 1334 2416 1387 2489; x_wconf 84' lang='lat' dir='ltr'>qni</span> <span class='ocrx_word' id='word_1_135' title='bbox 1406 2435 1493 2489; x_wconf 72' lang='lat' dir='ltr'>agros</span> 
     </span>
     <span class='ocr_line' id='line_1_20' title="bbox 508 2521 1216 2597; baseline 0.004 -19"><span class='ocrx_word' id='word_1_136' title='bbox 508 2523 648 2596; x_wconf 85' lang='lat' dir='ltr'>quosdam</span> <span class='ocrx_word' id='word_1_137' title='bbox 670 2521 794 2597; x_wconf 81' lang='lat' dir='ltr'>capr&#39;tnli</span> <span class='ocrx_word' id='word_1_138' title='bbox 814 2524 844 2579; x_wconf 87' lang='lat' dir='ltr'>in</span> <span class='ocrx_word' id='word_1_139' title='bbox 867 2522 953 2596; x_wconf 83' lang='lat' dir='ltr'>Krog</span> <span class='ocrx_word' id='word_1_140' title='bbox 973 2525 1041 2580; x_wconf 87' lang='lat' dir='ltr'>sitos</span> <span class='ocrx_word' id='word_1_141' title='bbox 1061 2524 1216 2596; x_wconf 81' lang='lat' dir='ltr'>occupavit.</span> 
     </span>
    </p>
   </div>
   <div class='ocr_carea' id='block_1_8' title="bbox 228 2654 1493 4868">
    <p class='ocr_par' dir='ltr' id='par_1_9' title="bbox 228 2654 1493 4868">
     <span class='ocr_line' id='line_1_21' title="bbox 334 2654 1492 2743; baseline 0.001 -21"><span class='ocrx_word' id='word_1_142' title='bbox 334 2664 401 2723; x_wconf 87' lang='lat' dir='ltr'>Nos</span> <span class='ocrx_word' id='word_1_143' title='bbox 433 2662 608 2743; x_wconf 90' lang='lat' dir='ltr'>capitulum</span> <span class='ocrx_word' id='word_1_144' title='bbox 643 2662 776 2724; x_wconf 90' lang='lat' dir='ltr'>ecclesie</span> <span class='ocrx_word' id='word_1_145' title='bbox 807 2662 1011 2726; x_wconf 89' lang='lat' dir='ltr'>chasmensis.</span> <span class='ocrx_word' id='word_1_146' title='bbox 1038 2654 1195 2724; x_wconf 85' lang='lat' dir='ltr'>Memorie</span> <span class='ocrx_word' id='word_1_147' title='bbox 1228 2663 1492 2724; x_wconf 87' lang='lat' dir='ltr'>commendamus</span> 
     </span>
     <span class='ocr_line' id='line_1_22' title="bbox 229 2767 1491 2851; baseline 0 -21"><span class='ocrx_word' id='word_1_148' title='bbox 229 2789 285 2851; x_wconf 91' lang='lat' dir='ltr'>per</span> <span class='ocrx_word' id='word_1_149' title='bbox 307 2781 479 2850; x_wconf 89' lang='lat' dir='ltr'>presentes,</span> <span class='ocrx_word' id='word_1_150' title='bbox 496 2767 583 2850; x_wconf 92' lang='lat' dir='ltr'>quod</span> <span class='ocrx_word' id='word_1_151' title='bbox 609 2768 800 2830; x_wconf 89' lang='lat' dir='ltr'>venerabilis</span> <span class='ocrx_word' id='word_1_152' title='bbox 823 2768 973 2849; x_wconf 88' lang='lat' dir='ltr'>magister</span> <span class='ocrx_word' id='word_1_153' title='bbox 994 2768 1155 2831; x_wconf 84' lang='lat' dir='ltr'>lohannes</span> <span class='ocrx_word' id='word_1_154' title='bbox 1176 2768 1380 2851; x_wconf 85' lang='lat' dir='ltr'>Suppanyclr,</span> <span class='ocrx_word' id='word_1_155' title='bbox 1398 2789 1491 2830; x_wconf 93' lang='lat' dir='ltr'>cano·</span> 
     </span>
     <span class='ocr_line' id='line_1_23' title="bbox 229 2874 1490 2957; baseline -0.002 -19"><span class='ocrx_word' id='word_1_156' title='bbox 229 2875 320 2938; x_wconf 91' lang='lat' dir='ltr'>nicus</span> <span class='ocrx_word' id='word_1_157' title='bbox 335 2874 466 2936; x_wconf 89' lang='lat' dir='ltr'>ecclesie</span> <span class='ocrx_word' id='word_1_158' title='bbox 483 2875 698 2956; x_wconf 89' lang='lat' dir='ltr'>zagrabiensis</span> <span class='ocrx_word' id='word_1_159' title='bbox 714 2875 746 2936; x_wconf 92' lang='lat' dir='ltr'>in</span> <span class='ocrx_word' id='word_1_160' title='bbox 763 2894 820 2936; x_wconf 91' lang='lat' dir='ltr'>sua</span> <span class='ocrx_word' id='word_1_161' title='bbox 836 2894 873 2936; x_wconf 91' lang='lat' dir='ltr'>ac</span> <span class='ocrx_word' id='word_1_162' title='bbox 889 2874 1121 2936; x_wconf 89' lang='lat' dir='ltr'>venerabilium</span> <span class='ocrx_word' id='word_1_163' title='bbox 1139 2874 1345 2936; x_wconf 91' lang='lat' dir='ltr'>dominorum</span> <span class='ocrx_word' id='word_1_164' title='bbox 1360 2874 1490 2957; x_wconf 89' lang='lat' dir='ltr'>capituli</span> 
     </span>
     <span class='ocr_line' id='line_1_24' title="bbox 229 2980 1491 3062; baseline -0.002 -18"><span class='ocrx_word' id='word_1_165' title='bbox 229 2981 373 3047; x_wconf 85' lang='lat' dir='ltr'>eiusdem</span> <span class='ocrx_word' id='word_1_166' title='bbox 404 2981 536 3042; x_wconf 91' lang='lat' dir='ltr'>ecclesie</span> <span class='ocrx_word' id='word_1_167' title='bbox 567 2981 782 3062; x_wconf 87' lang='lat' dir='ltr'>zagrabiensis</span> <span class='ocrx_word' id='word_1_168' title='bbox 814 2981 969 3062; x_wconf 88' lang='lat' dir='ltr'>personis,</span> <span class='ocrx_word' id='word_1_169' title='bbox 993 2980 1091 3041; x_wconf 91' lang='lat' dir='ltr'>nostri</span> <span class='ocrx_word' id='word_1_170' title='bbox 1124 2980 1334 3062; x_wconf 91' lang='lat' dir='ltr'>personaliter</span> <span class='ocrx_word' id='word_1_171' title='bbox 1358 2981 1491 3042; x_wconf 87' lang='lat' dir='ltr'>veniens</span> 
     </span>
     <span class='ocr_line' id='line_1_25' title="bbox 230 3084 1491 3170; baseline -0.002 -21"><span class='ocrx_word' id='word_1_172' title='bbox 230 3087 263 3150; x_wconf 93' lang='lat' dir='ltr'>in</span> <span class='ocrx_word' id='word_1_173' title='bbox 287 3087 495 3170; x_wconf 88' lang='lat' dir='ltr'>presenciam,</span> <span class='ocrx_word' id='word_1_174' title='bbox 516 3106 572 3168; x_wconf 91' lang='lat' dir='ltr'>per</span> <span class='ocrx_word' id='word_1_175' title='bbox 591 3085 725 3148; x_wconf 92' lang='lat' dir='ltr'>modum</span> <span class='ocrx_word' id='word_1_176' title='bbox 746 3086 989 3168; x_wconf 90' lang='lat' dir='ltr'>protestacionis</span> <span class='ocrx_word' id='word_1_177' title='bbox 1009 3101 1040 3147; x_wconf 91' lang='lat' dir='ltr'>et</span> <span class='ocrx_word' id='word_1_178' title='bbox 1061 3084 1266 3148; x_wconf 89' lang='lat' dir='ltr'>inhibicionis</span> <span class='ocrx_word' id='word_1_179' title='bbox 1283 3087 1376 3148; x_wconf 91' lang='lat' dir='ltr'>nobis</span> <span class='ocrx_word' id='word_1_180' title='bbox 1394 3087 1491 3168; x_wconf 88' lang='lat' dir='ltr'>signi·</span> 
     </span>
     <span class='ocr_line' id='line_1_26' title="bbox 229 3191 1492 3273; baseline -0.002 -18"><span class='ocrx_word' id='word_1_181' title='bbox 229 3193 322 3256; x_wconf 85' lang='lat' dir='ltr'>frcare</span> <span class='ocrx_word' id='word_1_182' title='bbox 347 3193 468 3255; x_wconf 88' lang='lat' dir='ltr'>curavit</span> <span class='ocrx_word' id='word_1_183' title='bbox 488 3212 527 3254; x_wconf 91' lang='lat' dir='ltr'>eo</span> <span class='ocrx_word' id='word_1_184' title='bbox 543 3193 661 3255; x_wconf 91' lang='lat' dir='ltr'>modo:</span> <span class='ocrx_word' id='word_1_185' title='bbox 682 3192 819 3273; x_wconf 88' lang='lat' dir='ltr'>qualiter</span> <span class='ocrx_word' id='word_1_186' title='bbox 836 3192 982 3273; x_wconf 90' lang='lat' dir='ltr'>egregius</span> <span class='ocrx_word' id='word_1_187' title='bbox 999 3191 1150 3253; x_wconf 88' lang='lat' dir='ltr'>dominus</span> <span class='ocrx_word' id='word_1_188' title='bbox 1168 3192 1353 3253; x_wconf 86' lang='lat' dir='ltr'>Franciscus</span> <span class='ocrx_word' id='word_1_189' title='bbox 1371 3193 1492 3254; x_wconf 89' lang='lat' dir='ltr'>Keczer</span> 
     </span>
     <span class='ocr_line' id='line_1_27' title="bbox 230 3298 1491 3380; baseline -0.001 -21"><span class='ocrx_word' id='word_1_190' title='bbox 230 3299 269 3360; x_wconf 95' lang='lat' dir='ltr'>de</span> <span class='ocrx_word' id='word_1_191' title='bbox 309 3299 466 3376; x_wconf 89' lang='lat' dir='ltr'>Radwan,</span> <span class='ocrx_word' id='word_1_192' title='bbox 501 3299 739 3360; x_wconf 88' lang='lat' dir='ltr'>administrator</span> <span class='ocrx_word' id='word_1_193' title='bbox 776 3310 990 3380; x_wconf 90' lang='lat' dir='ltr'>proventuum</span> <span class='ocrx_word' id='word_1_194' title='bbox 1030 3298 1231 3380; x_wconf 89' lang='lat' dir='ltr'>episcopatus</span> <span class='ocrx_word' id='word_1_195' title='bbox 1266 3298 1491 3378; x_wconf 84' lang='lat' dir='ltr'>zagrabiensis,</span> 
     </span>
     <span class='ocr_line' id='line_1_28' title="bbox 233 3402 1490 3485; baseline -0.002 -19"><span class='ocrx_word' id='word_1_196' title='bbox 233 3405 390 3468; x_wconf 86' lang='lat' dir='ltr'>missiset</span> <span class='ocrx_word' id='word_1_197' title='bbox 418 3405 582 3466; x_wconf 87' lang='lat' dir='ltr'>destinatis</span> <span class='ocrx_word' id='word_1_198' title='bbox 606 3404 770 3465; x_wconf 92' lang='lat' dir='ltr'>nobilibus</span> <span class='ocrx_word' id='word_1_199' title='bbox 794 3402 937 3485; x_wconf 89' lang='lat' dir='ltr'>Georgio</span> <span class='ocrx_word' id='word_1_200' title='bbox 961 3405 1106 3465; x_wconf 87' lang='lat' dir='ltr'>Horvath</span> <span class='ocrx_word' id='word_1_201' title='bbox 1129 3403 1302 3465; x_wconf 89' lang='lat' dir='ltr'>castellano</span> <span class='ocrx_word' id='word_1_202' title='bbox 1326 3417 1357 3464; x_wconf 92' lang='lat' dir='ltr'>et</span> <span class='ocrx_word' id='word_1_203' title='bbox 1380 3404 1490 3465; x_wconf 89' lang='lat' dir='ltr'>curiali</span> 
     </span>
     <span class='ocr_line' id='line_1_29' title="bbox 230 3508 1491 3592; baseline -0.002 -19"><span class='ocrx_word' id='word_1_204' title='bbox 230 3511 438 3592; x_wconf 87' lang='lat' dir='ltr'>zagrabiensi,</span> <span class='ocrx_word' id='word_1_205' title='bbox 475 3511 582 3573; x_wconf 85' lang='lat' dir='ltr'>Blasio</span> <span class='ocrx_word' id='word_1_206' title='bbox 621 3511 794 3573; x_wconf 89' lang='lat' dir='ltr'>castellano</span> <span class='ocrx_word' id='word_1_207' title='bbox 834 3510 874 3572; x_wconf 85' lang='lat' dir='ltr'>de</span> <span class='ocrx_word' id='word_1_208' title='bbox 914 3509 1039 3592; x_wconf 88' lang='lat' dir='ltr'>Okych,</span> <span class='ocrx_word' id='word_1_209' title='bbox 1074 3509 1257 3570; x_wconf 88' lang='lat' dir='ltr'>Balthasare</span> <span class='ocrx_word' id='word_1_210' title='bbox 1299 3508 1491 3592; x_wconf 88' lang='lat' dir='ltr'>Hobethych</span> 
     </span>
     <span class='ocr_line' id='line_1_30' title="bbox 230 3614 1489 3696; baseline -0.002 -17"><span class='ocrx_word' id='word_1_211' title='bbox 230 3617 341 3679; x_wconf 88' lang='lat' dir='ltr'>curiali</span> <span class='ocrx_word' id='word_1_212' title='bbox 376 3616 564 3696; x_wconf 89' lang='lat' dir='ltr'>chasmensi,</span> <span class='ocrx_word' id='word_1_213' title='bbox 599 3615 744 3678; x_wconf 80' lang='lat' dir='ltr'>iohanne</span> <span class='ocrx_word' id='word_1_214' title='bbox 776 3615 914 3677; x_wconf 89' lang='lat' dir='ltr'>litterato</span> <span class='ocrx_word' id='word_1_215' title='bbox 942 3614 1123 3692; x_wconf 89' lang='lat' dir='ltr'>Wilhelmi,</span> <span class='ocrx_word' id='word_1_216' title='bbox 1156 3614 1292 3676; x_wconf 89' lang='lat' dir='ltr'>Nicolao</span> <span class='ocrx_word' id='word_1_217' title='bbox 1326 3615 1489 3693; x_wconf 90' lang='lat' dir='ltr'>Borsochi,</span> 
     </span>
     <span class='ocr_line' id='line_1_31' title="bbox 229 3720 1490 3806; baseline -0.001 -22"><span class='ocrx_word' id='word_1_218' title='bbox 229 3721 417 3784; x_wconf 88' lang='lat' dir='ltr'>Zthanlrone</span> <span class='ocrx_word' id='word_1_219' title='bbox 449 3722 488 3783; x_wconf 93' lang='lat' dir='ltr'>de</span> <span class='ocrx_word' id='word_1_220' title='bbox 521 3722 748 3806; x_wconf 87' lang='lat' dir='ltr'>Seryawynch,</span> <span class='ocrx_word' id='word_1_221' title='bbox 771 3723 900 3784; x_wconf 87' lang='lat' dir='ltr'>Andrea</span> <span class='ocrx_word' id='word_1_222' title='bbox 924 3721 1044 3799; x_wconf 89' lang='lat' dir='ltr'>villic0,</span> <span class='ocrx_word' id='word_1_223' title='bbox 1070 3721 1208 3782; x_wconf 88' lang='lat' dir='ltr'>Martino</span> <span class='ocrx_word' id='word_1_224' title='bbox 1233 3720 1386 3804; x_wconf 85' lang='lat' dir='ltr'>Chyglar,</span> <span class='ocrx_word' id='word_1_225' title='bbox 1412 3721 1490 3783; x_wconf 89' lang='lat' dir='ltr'>Gre-</span> 
     </span>
     <span class='ocr_line' id='line_1_32' title="bbox 228 3827 1491 3911; baseline -0.001 -22"><span class='ocrx_word' id='word_1_226' title='bbox 228 3829 332 3909; x_wconf 89' lang='lat' dir='ltr'>gorio,</span> <span class='ocrx_word' id='word_1_227' title='bbox 356 3828 539 3907; x_wconf 86' lang='lat' dir='ltr'>Valentino,</span> <span class='ocrx_word' id='word_1_228' title='bbox 561 3829 788 3911; x_wconf 85' lang='lat' dir='ltr'>jobagionibus</span> <span class='ocrx_word' id='word_1_229' title='bbox 811 3828 887 3890; x_wconf 91' lang='lat' dir='ltr'>dicti</span> <span class='ocrx_word' id='word_1_230' title='bbox 911 3827 1112 3909; x_wconf 90' lang='lat' dir='ltr'>episcopatus</span> <span class='ocrx_word' id='word_1_231' title='bbox 1137 3827 1175 3888; x_wconf 93' lang='lat' dir='ltr'>de</span> <span class='ocrx_word' id='word_1_232' title='bbox 1200 3827 1271 3888; x_wconf 83' lang='lat' dir='ltr'>vico</span> <span class='ocrx_word' id='word_1_233' title='bbox 1291 3827 1491 3905; x_wconf 90' lang='lat' dir='ltr'>Latinorum,</span> 
     </span>
     <span class='ocr_line' id='line_1_33' title="bbox 229 3932 1490 4017; baseline -0.002 -21"><span class='ocrx_word' id='word_1_234' title='bbox 229 3935 365 4015; x_wconf 89' lang='lat' dir='ltr'>aliisque</span> <span class='ocrx_word' id='word_1_235' title='bbox 396 3953 493 4015; x_wconf 87' lang='lat' dir='ltr'>quam</span> <span class='ocrx_word' id='word_1_236' title='bbox 526 3935 671 4017; x_wconf 91' lang='lat' dir='ltr'>pluribus</span> <span class='ocrx_word' id='word_1_237' title='bbox 705 3934 892 3997; x_wconf 91' lang='lat' dir='ltr'>horninibus</span> <span class='ocrx_word' id='word_1_238' title='bbox 927 3932 1091 3994; x_wconf 92' lang='lat' dir='ltr'>nobilibus</span> <span class='ocrx_word' id='word_1_239' title='bbox 1125 3932 1245 3994; x_wconf 90' lang='lat' dir='ltr'>scilicet</span> <span class='ocrx_word' id='word_1_240' title='bbox 1277 3947 1308 3994; x_wconf 93' lang='lat' dir='ltr'>et</span> <span class='ocrx_word' id='word_1_241' title='bbox 1340 3933 1428 3995; x_wconf 87' lang='lat' dir='ltr'>laicis</span> <span class='ocrx_word' id='word_1_242' title='bbox 1459 3934 1490 3995; x_wconf 94' lang='lat' dir='ltr'>in</span> 
     </span>
     <span class='ocr_line' id='line_1_34' title="bbox 228 4038 1490 4120; baseline -0.001 -18"><span class='ocrx_word' id='word_1_243' title='bbox 228 4053 368 4102; x_wconf 92' lang='lat' dir='ltr'>turmam</span> <span class='ocrx_word' id='word_1_244' title='bbox 401 4053 431 4102; x_wconf 92' lang='lat' dir='ltr'>et</span> <span class='ocrx_word' id='word_1_245' title='bbox 454 4053 597 4102; x_wconf 94' lang='lat' dir='ltr'>coortem</span> <span class='ocrx_word' id='word_1_246' title='bbox 620 4041 816 4119; x_wconf 80' lang='lat' dir='ltr'>coadunatis,</span> <span class='ocrx_word' id='word_1_247' title='bbox 841 4040 990 4100; x_wconf 89' lang='lat' dir='ltr'>manibus</span> <span class='ocrx_word' id='word_1_248' title='bbox 1018 4038 1146 4099; x_wconf 88' lang='lat' dir='ltr'>armatis</span> <span class='ocrx_word' id='word_1_249' title='bbox 1169 4050 1199 4099; x_wconf 92' lang='lat' dir='ltr'>et</span> <span class='ocrx_word' id='word_1_250' title='bbox 1223 4039 1427 4120; x_wconf 87' lang='lat' dir='ltr'>potenciariis</span> <span class='ocrx_word' id='word_1_251' title='bbox 1451 4040 1490 4101; x_wconf 92' lang='lat' dir='ltr'>ad</span> 
     </span>
     <span class='ocr_line' id='line_1_35' title="bbox 230 4144 1491 4229; baseline -0.002 -20"><span class='ocrx_word' id='word_1_252' title='bbox 230 4165 379 4229; x_wconf 89' lang='lat' dir='ltr'>campum</span> <span class='ocrx_word' id='word_1_253' title='bbox 404 4146 579 4209; x_wconf 90' lang='lat' dir='ltr'>eorundem</span> <span class='ocrx_word' id='word_1_254' title='bbox 605 4146 812 4209; x_wconf 91' lang='lat' dir='ltr'>dominorum</span> <span class='ocrx_word' id='word_1_255' title='bbox 836 4144 965 4227; x_wconf 89' lang='lat' dir='ltr'>capituli</span> <span class='ocrx_word' id='word_1_256' title='bbox 989 4159 1020 4206; x_wconf 92' lang='lat' dir='ltr'>et</span> <span class='ocrx_word' id='word_1_257' title='bbox 1042 4144 1271 4206; x_wconf 91' lang='lat' dir='ltr'>canonicorum</span> <span class='ocrx_word' id='word_1_258' title='bbox 1288 4144 1409 4227; x_wconf 90' lang='lat' dir='ltr'>Crogh,</span> <span class='ocrx_word' id='word_1_259' title='bbox 1425 4145 1491 4207; x_wconf 90' lang='lat' dir='ltr'>alio</span> 
     </span>
     <span class='ocr_line' id='line_1_36' title="bbox 229 4249 1490 4335; baseline -0.001 -21"><span class='ocrx_word' id='word_1_260' title='bbox 229 4253 360 4315; x_wconf 91' lang='lat' dir='ltr'>nomine</span> <span class='ocrx_word' id='word_1_261' title='bbox 384 4253 505 4335; x_wconf 87' lang='lat' dir='ltr'>Zygeth</span> <span class='ocrx_word' id='word_1_262' title='bbox 523 4264 753 4334; x_wconf 87' lang='lat' dir='ltr'>nuncupatum,</span> <span class='ocrx_word' id='word_1_263' title='bbox 771 4252 803 4313; x_wconf 91' lang='lat' dir='ltr'>in</span> <span class='ocrx_word' id='word_1_264' title='bbox 818 4251 978 4314; x_wconf 88' lang='lat' dir='ltr'>territorio</span> <span class='ocrx_word' id='word_1_265' title='bbox 994 4250 1203 4331; x_wconf 88' lang='lat' dir='ltr'>zagrabiensi,</span> <span class='ocrx_word' id='word_1_266' title='bbox 1221 4249 1301 4312; x_wconf 83' lang='lat' dir='ltr'>infra</span> <span class='ocrx_word' id='word_1_267' title='bbox 1319 4252 1490 4313; x_wconf 89' lang='lat' dir='ltr'>claustrum</span> 
     </span>
     <span class='ocr_line' id='line_1_37' title="bbox 230 4355 1491 4440; baseline -0.002 -20"><span class='ocrx_word' id='word_1_268' title='bbox 230 4360 314 4422; x_wconf 85' lang='lat' dir='ltr'>beati</span> <span class='ocrx_word' id='word_1_269' title='bbox 330 4359 454 4420; x_wconf 91' lang='lat' dir='ltr'>Nicolai</span> <span class='ocrx_word' id='word_1_270' title='bbox 472 4358 612 4440; x_wconf 91' lang='lat' dir='ltr'>episcopi</span> <span class='ocrx_word' id='word_1_271' title='bbox 630 4371 661 4419; x_wconf 90' lang='lat' dir='ltr'>et</span> <span class='ocrx_word' id='word_1_272' title='bbox 677 4356 867 4420; x_wconf 83' lang='lat' dir='ltr'>confessoris</span> <span class='ocrx_word' id='word_1_273' title='bbox 883 4357 1070 4418; x_wconf 86' lang='lat' dir='ltr'>existentem</span> <span class='ocrx_word' id='word_1_274' title='bbox 1086 4355 1243 4436; x_wconf 89' lang='lat' dir='ltr'>habitum,</span> <span class='ocrx_word' id='word_1_275' title='bbox 1260 4356 1337 4418; x_wconf 91' lang='lat' dir='ltr'>irrui</span> <span class='ocrx_word' id='word_1_276' title='bbox 1357 4357 1491 4435; x_wconf 88' lang='lat' dir='ltr'>fecisset,</span> 
     </span>
     <span class='ocr_line' id='line_1_38' title="bbox 231 4462 1493 4546; baseline -0.002 -20"><span class='ocrx_word' id='word_1_277' title='bbox 231 4465 340 4546; x_wconf 92' lang='lat' dir='ltr'>ibique</span> <span class='ocrx_word' id='word_1_278' title='bbox 364 4464 445 4525; x_wconf 89' lang='lat' dir='ltr'>intra</span> <span class='ocrx_word' id='word_1_279' title='bbox 470 4483 560 4525; x_wconf 88' lang='lat' dir='ltr'>veras</span> <span class='ocrx_word' id='word_1_280' title='bbox 583 4477 684 4526; x_wconf 90' lang='lat' dir='ltr'>metas</span> <span class='ocrx_word' id='word_1_281' title='bbox 709 4477 739 4526; x_wconf 93' lang='lat' dir='ltr'>et</span> <span class='ocrx_word' id='word_1_282' title='bbox 763 4463 880 4526; x_wconf 88' lang='lat' dir='ltr'>limites</span> <span class='ocrx_word' id='word_1_283' title='bbox 903 4462 1047 4525; x_wconf 91' lang='lat' dir='ltr'>eiusdem</span> <span class='ocrx_word' id='word_1_284' title='bbox 1068 4463 1173 4544; x_wconf 90' lang='lat' dir='ltr'>campi</span> <span class='ocrx_word' id='word_1_285' title='bbox 1197 4463 1353 4543; x_wconf 89' lang='lat' dir='ltr'>quasdam</span> <span class='ocrx_word' id='word_1_286' title='bbox 1369 4462 1493 4525; x_wconf 89' lang='lat' dir='ltr'>thlalras</span> 
     </span>
     <span class='ocr_line' id='line_1_39' title="bbox 230 4567 1491 4653; baseline -0.002 -21"><span class='ocrx_word' id='word_1_287' title='bbox 230 4583 261 4633; x_wconf 84' lang='lat' dir='ltr'>et</span> <span class='ocrx_word' id='word_1_288' title='bbox 292 4583 389 4632; x_wconf 85' lang='lat' dir='ltr'>terras</span> <span class='ocrx_word' id='word_1_289' title='bbox 419 4571 565 4650; x_wconf 84' lang='lat' dir='ltr'>arabiles,</span> <span class='ocrx_word' id='word_1_290' title='bbox 590 4589 653 4653; x_wconf 91' lang='lat' dir='ltr'>que</span> <span class='ocrx_word' id='word_1_291' title='bbox 676 4569 715 4632; x_wconf 92' lang='lat' dir='ltr'>de</span> <span class='ocrx_word' id='word_1_292' title='bbox 739 4569 807 4651; x_wconf 85' lang='lat' dir='ltr'>jure</span> <span class='ocrx_word' id='word_1_293' title='bbox 831 4584 863 4633; x_wconf 91' lang='lat' dir='ltr'>et</span> <span class='ocrx_word' id='word_1_294' title='bbox 886 4571 926 4634; x_wconf 87' lang='lat' dir='ltr'>ab</span> <span class='ocrx_word' id='word_1_295' title='bbox 950 4569 1095 4650; x_wconf 87' lang='lat' dir='ltr'>antiquo,</span> <span class='ocrx_word' id='word_1_296' title='bbox 1119 4567 1423 4650; x_wconf 89' lang='lat' dir='ltr'>consvetudinisque</span> <span class='ocrx_word' id='word_1_297' title='bbox 1447 4569 1491 4630; x_wconf 94' lang='lat' dir='ltr'>le·</span> 
     </span>
     <span class='ocr_line' id='line_1_40' title="bbox 228 4663 1491 4760; baseline -0.001 -22"><span class='ocrx_word' id='word_1_298' title='bbox 228 4672 353 4758; x_wconf 88' lang='lat' dir='ltr'>gittime</span> <span class='ocrx_word' id='word_1_299' title='bbox 388 4677 570 4760; x_wconf 85' lang='lat' dir='ltr'>prescripte,</span> <span class='ocrx_word' id='word_1_300' title='bbox 603 4663 761 4739; x_wconf 86' lang='lat' dir='ltr'>dictorum</span> <span class='ocrx_word' id='word_1_301' title='bbox 796 4676 1004 4739; x_wconf 90' lang='lat' dir='ltr'>dominorum</span> <span class='ocrx_word' id='word_1_302' title='bbox 1037 4674 1266 4737; x_wconf 88' lang='lat' dir='ltr'>canonicorum</span> <span class='ocrx_word' id='word_1_303' title='bbox 1298 4687 1329 4736; x_wconf 96' lang='lat' dir='ltr'>et</span> <span class='ocrx_word' id='word_1_304' title='bbox 1360 4675 1491 4757; x_wconf 88' lang='lat' dir='ltr'>capituli</span> 
     </span>
     <span class='ocr_line' id='line_1_41' title="bbox 229 4780 1491 4868; baseline 0.001 -25"><span class='ocrx_word' id='word_1_305' title='bbox 229 4780 430 4865; x_wconf 84' lang='lat' dir='ltr'>prefuissent,</span> <span class='ocrx_word' id='word_1_306' title='bbox 454 4796 485 4845; x_wconf 90' lang='lat' dir='ltr'>et</span> <span class='ocrx_word' id='word_1_307' title='bbox 514 4784 546 4846; x_wconf 91' lang='lat' dir='ltr'>in</span> <span class='ocrx_word' id='word_1_308' title='bbox 579 4802 716 4866; x_wconf 87' lang='lat' dir='ltr'>quarum</span> <span class='ocrx_word' id='word_1_309' title='bbox 742 4783 874 4868; x_wconf 87' lang='lat' dir='ltr'>pacifica</span> <span class='ocrx_word' id='word_1_310' title='bbox 897 4796 928 4845; x_wconf 90' lang='lat' dir='ltr'>et</span> <span class='ocrx_word' id='word_1_311' title='bbox 951 4783 1059 4866; x_wconf 87' lang='lat' dir='ltr'>quieta</span> <span class='ocrx_word' id='word_1_312' title='bbox 1082 4780 1281 4864; x_wconf 86' lang='lat' dir='ltr'>possessione</span> <span class='ocrx_word' id='word_1_313' title='bbox 1306 4801 1324 4845; x_wconf 87' lang='lat' dir='ltr'>a</span> <span class='ocrx_word' id='word_1_314' title='bbox 1346 4794 1491 4866; x_wconf 84' lang='lat' dir='ltr'>tempore</span> 
     </span>
    </p>
   </div>
   <div class='ocr_carea' id='block_1_9' title="bbox 0 0 1740 5242">
    <p class='ocr_par' dir='ltr' id='par_1_10' title="bbox 0 0 1740 5242">
     <span class='ocr_line' id='line_1_42' title="bbox 0 0 1740 5242; baseline 0 0"><span class='ocrx_word' id='word_1_315' title='bbox 0 0 1740 5242; x_wconf 95' lang='lat' dir='ltr'> </span> 
     </span>
    </p>
   </div>
  </div>
 </body>
</html>
