3472 5242
671 375 743 435 Doc.
767 369 839 434 188.
862 407 905 418 -
929 375 987 434 An.
1011 388 1098 451 1523.
1444 394 1507 458 237

239 600 284 660 sic
320 613 354 662 ut
396 598 554 682 prefertur
589 615 737 680 erectam,
774 615 980 663 restauratam
1016 615 1047 662 et
1078 600 1283 663 reformatam
1318 602 1436 685 aliquis
1470 623 1507 664 ex

245 707 474 768 concanonicis
498 706 680 789 impetrare,
704 720 867 789 acceptare
892 720 923 769 et
946 706 1109 789 possidere
1140 720 1195 769 aut
1219 708 1288 769 usui
1311 727 1369 770 suo
1395 708 1510 789 quovis

240 813 339 874 modo
363 813 463 895 possit
486 825 540 874 aut
563 814 668 874 valeat
691 833 847 895 occupare
871 832 928 896 per
962 813 1182 895 cuiuscunque
1212 813 1427 876 donacionem
1457 814 1508 876 vel

241 917 464 996 collacionem,
488 917 635 1000 alioquin
659 932 768 980 contra
800 917 999 980 voluntatem
1034 930 1065 981 et
1097 918 1127 980 in
1161 918 1374 1002 preiudicium
1408 933 1439 981 et
1462 919 1508 982 in-

241 1024 355 1086 iuriam
379 1037 520 1086 nostram
545 1024 756 1107 capitularem
779 1038 811 1086 et
834 1043 1038 1086 succesorum
1052 1036 1235 1086 nostrorum
1252 1044 1289 1084 ex
1309 1044 1393 1086 nunc
1410 1039 1509 1107 prout

242 1143 379 1192 extunc
404 1143 434 1192 et
458 1143 573 1192 extunc
607 1142 703 1213 prout
737 1149 774 1191 ex
805 1149 890 1190 nunc
923 1128 997 1191 talis
1032 1129 1229 1212 impetrator,
1265 1142 1446 1211 acceptator
1480 1143 1512 1192 et

243 1255 408 1318 possessor
432 1236 560 1297 noverit
595 1233 711 1297 factam
745 1232 813 1296 fore
847 1246 878 1296 et
909 1247 1094 1298 attentatam
1130 1234 1236 1297 luisse.
1272 1234 1435 1315 Quodque
1471 1256 1510 1297 ne

243 1341 310 1422 ipsa
334 1340 547 1403 saluberrima
572 1340 739 1403 ordinacio
764 1341 796 1402 in
820 1359 967 1402 successu
990 1354 1173 1422 temporum
1198 1339 1389 1402 anichiletur
1413 1353 1444 1402 et
1477 1341 1509 1401 in

242 1447 443 1509 oblivionem
468 1447 619 1508 devenire
643 1447 753 1530 possit,
771 1447 897 1529 copiam
922 1448 1035 1508 harum
1052 1460 1231 1509 nostrarum
1257 1447 1434 1510 litterarum
1452 1466 1508 1530 per

213 1555 216 1560 ’
244 1552 438 1615 modernum
462 1552 632 1615 dominum
657 1554 810 1615 lectorem
835 1565 979 1615 nostrum
996 1552 1030 1614 in
1046 1566 1190 1614 nostrum
1215 1551 1334 1614 librum
1359 1553 1511 1614 iussimus

245 1658 481 1721 inscribendam
508 1679 547 1721 eo
581 1659 675 1721 facto.
712 1659 746 1721 ln
783 1660 874 1721 cuius
909 1659 954 1720 rei
987 1658 1177 1720 memoriam
1213 1671 1245 1720 et
1278 1659 1510 1737 testimonium,

245 1762 492 1846 firmitatemque
528 1778 715 1848 perpetuam
752 1766 894 1847 sigillum
934 1777 1079 1826 nostrum
1114 1763 1325 1825 auttenticum
1361 1763 1512 1826 duximus

245 1870 506 1952 appendendum.
532 1872 649 1933 Datum
674 1869 751 1933 feria
775 1883 862 1934 sexta
887 1871 919 1931 in
944 1868 1025 1931 festo
1056 1869 1157 1930 sancti
1191 1867 1276 1930 Galli
1309 1867 1512 1932 confessoris.

247 1980 342 2037 Anno
366 1975 490 2038 domini
516 1978 689 2040 millesimo
713 1977 973 2059 quingentesimo
997 1975 1154 2056 vigesimo
1177 1975 1288 2037 tercio.

771 2083 881 2144 Petrus
904 2081 945 2144 de
971 2080 1122 2163 Grangya
1155 2079 1255 2143 lector
1285 2094 1317 2143 et
1340 2082 1513 2145 canonicus

775 2188 907 2250 ecclesie
931 2187 1158 2269 zagrabiensis,
1170 2187 1214 2248 sic
1233 2201 1267 2248 ut
1283 2186 1451 2269 prefertur,
1471 2187 1513 2250 de

775 2294 928 2356 mandato
952 2293 1086 2375 scripsit.

355 2415 558 2486 Transumptum
579 2415 604 2466 in
624 2415 713 2466 charta
744 2415 771 2466 ln
791 2415 862 2469 arch.
893 2431 952 2467 ven.
979 2416 1042 2480 Cap,
1070 2415 1177 2479 zagrab.
1208 2416 1267 2466 act.
1289 2429 1347 2480 cap.
1379 2421 1430 2468 ant.
1451 2415 1514 2477 iasc,

250 2504 311 2557 101.
331 2520 368 2557 nr.
388 2504 430 2557 21.

841 2751 924 2818 188.

355 2893 429 2944 Anno
452 2893 527 2945 1523.
550 2894 592 2947 29.
612 2893 740 2945 octobris.
761 2879 881 2945 Casurae.

355 3035 545 3097 Valentinus
568 3036 712 3098 notarius
735 3034 942 3114 chasmensis,
966 3032 1044 3096 feria
1077 3034 1188 3116 quinta
1221 3047 1293 3116 post
1323 3034 1439 3097 festum
1474 3055 1515 3098 ss.

253 3139 394 3202 Simonis
418 3155 449 3202 et
472 3141 591 3203 Judae:
627 3141 721 3202 Petro
746 3139 908 3222 Grangya,
933 3140 1055 3202 lectori.
1080 3140 1173 3201 Mitto
1194 3159 1377 3222 processum
1401 3140 1442 3201 ad
1470 3141 1517 3201 in·

251 3247 399 3308 stantiam
424 3248 638 3329 procuratoris
662 3245 777 3308 fiscalis
801 3259 910 3308 contra
936 3258 1110 3307 castrenses
1127 3245 1166 3306 de
1184 3245 1376 3307 Medvevara
1394 3245 1517 3307 ratione

252 3352 424 3434 sacrilegae
448 3372 603 3414 manuum
640 3351 822 3433 injectionis
853 3352 885 3413 in
917 3352 1091 3434 plebanum
1124 3351 1164 3413 de
1199 3350 1357 3413 Vrabchia
1390 3349 1517 3428 factam,

253 3472 448 3537 emanatum,
466 3478 562 3540 quem
587 3473 617 3520 et
641 3458 728 3540 prius
744 3456 912 3535 misissem,
922 3458 947 3518 si
972 3457 1044 3538 quis
1060 3456 1261 3518 sollicitasset
1278 3474 1336 3537 pro
1353 3475 1403 3535 eo,
1420 3475 1518 3537 quem

255 3565 377 3625 dudum
400 3578 511 3626 cantor
536 3565 567 3625 in
592 3563 667 3625 sede
691 3575 946 3646 praesentaverat
962 3576 993 3625 et
1010 3563 1041 3623 in
1059 3581 1173 3623 manus
1189 3581 1277 3622 meas
1292 3562 1519 3643 assignaverat,

254 3685 359 3732 tamen
387 3671 483 3748 idern,
507 3684 576 3731 tum
601 3670 739 3731 maxima
758 3668 939 3730 infirmitate
956 3682 1024 3730 tum
1049 3668 1121 3729 aliis
1139 3667 1280 3750 episcopi
1305 3666 1520 3749 zagrabiensis

255 3777 392 3857 negotiis
417 3776 631 3859 praepeditus,
655 3775 695 3837 ad
719 3774 951 3836 extrahendum
975 3774 1161 3835 huiusmodi
1187 3792 1369 3856 processum
1387 3772 1520 3833 minime

255 3881 426 3943 sollicitare
451 3882 564 3965 potuit.

362 4004 529 4059 llarceiovic'.
549 4004 677 4070 Regesta,
697 4008 725 4055 ut
745 4019 833 4069 supra.
