3472 5242
237 342 294 403 168
644 345 718 404 Doc.
744 357 811 420 153.
835 376 878 386 —
904 345 960 404 An.
985 341 1071 419 1516.

232 452 523 460 ——-—----—--—-
541 454 593 459 —.
607 453 741 459 η*
1008 451 1215 457 ---ν·----
1236 453 1265 456 -——
1288 452 1494 461 —·--——---—

232 588 375 637 oratores
398 572 573 653 humiliter,
597 586 755 655 quatenus
786 573 935 655 dignetur
961 573 992 636 S.
1023 573 1062 635 V.
1087 591 1214 634 causam
1240 586 1271 635 et
1301 593 1410 636 causas
1445 595 1499 658 ap·

233 681 421 764 pellacionis
452 692 483 742 et
512 680 772 763 appellacionum
804 680 1019 762 predictarum
1054 678 1095 740 ad
1131 678 1266 742 eandem
1302 681 1499 744 sanctitatem

232 788 389 866 Vestram,
406 800 613 869 sanctamque
629 786 738 849 sedem
751 787 963 870 apostolicam
981 786 1166 868 interposite
1183 799 1214 847 et
1229 786 1500 869 interpositamm,

234 892 390 955 nullitatis
414 906 444 954 et
468 892 653 955 nullitatum
677 893 855 975 iniquitatis
869 906 900 955 et
915 891 1073 974 injusticie
1098 891 1182 953 dicte
1197 905 1342 974 pretense
1373 892 1501 955 absolu·
1575 905 1580 916 “

234 999 335 1061 cionis
358 999 424 1060 sive
456 999 653 1061 remissionis
686 1019 905 1081 expensarum,
928 1018 964 1060 ac
996 998 1122 1060 decrete
1154 997 1319 1059 citacionis
1349 999 1500 1080 illiusque

234 1104 446 1183 execucionis,
460 1104 664 1186 aliorumque
687 1105 911 1185 gravaminum
936 1104 968 1165 in
993 1103 1270 1186 appellationibus
1294 1104 1430 1186 desuper
1454 1125 1501 1166 re·

235 1211 374 1293 spective
410 1210 592 1292 interjectis,
627 1212 782 1293 expressis
804 1224 1017 1273 atentatorum
1042 1223 1074 1273 et
1097 1210 1324 1272 innovatorum
1348 1230 1501 1292 quorum·

235 1335 373 1398 cumque
397 1329 469 1398 post
494 1329 525 1378 et
548 1330 658 1378 contra
682 1317 912 1398 appellacionis
939 1315 1124 1378 huiusmodi
1150 1335 1213 1376 una
1244 1335 1317 1377 cum
1346 1329 1415 1378 toto
1447 1337 1502 1378 ne·

234 1421 329 1503 gocio
353 1421 523 1504 principali
548 1434 656 1483 atento
682 1423 774 1484 Pater
798 1421 1056 1500 clementissime,
1093 1421 1181 1503 quod
1215 1420 1255 1482 ad
1287 1432 1361 1483 eum
1393 1422 1502 1484 locum

236 1527 269 1588 in
294 1546 360 1608 quo
384 1525 481 1607 judex
512 1547 607 1589 cause
639 1540 787 1610 pretense
820 1527 1053 1611 appellacionis
1084 1527 1256 1589 adversarii
1288 1527 1405 1589 residet
1437 1548 1503 1590 non

236 1645 283 1694 est
304 1632 485 1694 oratoribus
507 1645 595 1695 tutus
617 1653 772 1713 accessus,
804 1645 835 1695 et
858 1633 960 1695 eciam
983 1633 1023 1694 ad
1055 1632 1252 1714 parcendum
1277 1632 1442 1695 laboribus
1473 1647 1503 1695 et

236 1739 382 1821 expensis
403 1738 569 1821 utriusque
582 1741 691 1821 partis,
709 1740 908 1801 committere
926 1751 958 1802 et
974 1738 1125 1800 mandare
1143 1738 1240 1800 alicui
1256 1739 1323 1802 sive
1340 1738 1503 1820 aliquibus

236 1844 347 1927 probis
369 1845 445 1906 viris
471 1845 503 1905 in
528 1844 649 1908 diocesi
672 1845 871 1927 zagrabiensi
906 1844 1181 1906 commorantibus
1206 1857 1237 1905 et
1261 1845 1293 1906 in
1318 1865 1381 1927 qua
1409 1847 1502 1907 ambe

236 1963 341 2032 partes
377 1963 542 2012 morantur
579 1965 610 2014 et
645 1950 848 2013 domicilium
884 1949 1014 2028 habent,
1047 1939 1111 2012 tam
1143 1950 1366 2012 communitim
1406 1970 1504 2033 quam

237 2056 365 2118 divisim
390 2076 426 2118 ac
445 2057 629 2135 summarie,
653 2057 841 2139 simpliciter
864 2070 896 2119 et
919 2056 959 2118 de
983 2056 1081 2138 plano
1105 2056 1173 2117 sine
1197 2056 1329 2137 strepitu
1355 2069 1386 2117 et
1402 2055 1503 2137 figura

238 2161 347 2242 judicii
372 2161 588 2240 audiendam,
602 2162 872 2244 cognoscendam,
886 2162 1109 2241 decidendam,
1126 2159 1253 2243 fineque
1270 2162 1379 2223 debito
1396 2162 1504 2224 termi-

238 2268 378 2330 nandam
402 2288 465 2330 una
502 2288 575 2330 cum
599 2268 750 2331 omnibus
785 2281 816 2331 et
839 2268 974 2349 singulis
1009 2268 1074 2329 suis
1106 2267 1296 2345 incidentiis,
1320 2267 1504 2349 dependen-

237 2374 289 2435 tiis
306 2373 517 2454 emergendis,
534 2375 666 2436 annexis
683 2387 714 2435 et
727 2374 878 2436 connexis
894 2386 1133 2456 cumpotestate
1148 2372 1270 2434 dictum
1287 2373 1504 2435 adversarium

239 2498 416 2560 omnesque
440 2479 521 2541 alios
544 2499 600 2541 sua
625 2479 840 2541 communiter
870 2480 921 2541 vel
945 2478 1074 2541 divisim
1108 2479 1258 2540 interesse
1282 2477 1443 2560 putandos
1475 2492 1505 2541 et

238 2585 271 2645 in
294 2584 516 2647 executionem
540 2585 705 2647 citacionis
727 2584 956 2663 decernendos,
981 2583 1206 2662 nominandos,
1231 2584 1377 2646 citandos
1393 2584 1503 2665 eisque

239 2711 275 2752 ac
299 2690 451 2752 omnibus
473 2690 545 2752 aliis
567 2691 691 2753 tociens
715 2690 869 2773 quociens
902 2710 984 2773 opus
1017 2688 1112 2752 fuerit
1142 2690 1202 2752 sub
1233 2690 1375 2752 censuris
1406 2690 1505 2752 eccle·

239 2795 372 2858 siasticis
407 2815 443 2857 ac
480 2797 672 2878 pecuniariis
695 2797 787 2879 penis
820 2817 879 2859 suo
914 2796 1045 2858 arbitrio
1080 2796 1295 2878 imponendis,
1324 2794 1506 2858 inhibendis

240 2915 271 2964 et
305 2902 338 2963 in
384 2917 535 2966 eventum
570 2902 705 2964 omnino
750 2903 920 2985 peticionis
957 2920 1070 2964 omnes
1108 2915 1140 2964 et
1177 2901 1319 2983 singulas
1357 2921 1506 2964 censuras

239 3021 270 3070 et
307 3027 406 3091 penas
450 3008 608 3090 predictas
653 3021 762 3071 contra
808 3028 921 3070 omnes
966 3023 997 3069 et
1043 3008 1187 3090 singulos
1225 3008 1501 3069 contravenientes
1572 3047 1579 3061 ·

241 3114 390 3176 incidisse
430 3114 625 3193 declarandi,
664 3115 871 3196 aggravandi,
905 3114 1145 3196 reaggravandi,
1179 3113 1427 3176 ecclesiasticum
1460 3113 1506 3174 in-

241 3219 413 3282 terdictum
438 3220 638 3302 imponendi,
663 3219 784 3283 brachii
808 3221 960 3283 secularis
983 3220 1139 3282 auxilium
1168 3219 1352 3298 invocandi,
1371 3213 1506 3280 ¹cetera·

244 3346 307 3407 que
358 3326 420 3387 alia
471 3327 591 3405 omnia,
638 3339 669 3389 et
714 3327 838 3407 singula
887 3326 1025 3404 dicendi,
1064 3324 1203 3388 faciendi
1250 3338 1281 3386 et
1330 3324 1509 3405 exercendi,

242 3451 305 3513 que
330 3432 443 3493 merita
477 3451 570 3494 cause
604 3445 635 3493 et
666 3452 833 3494 causarum
868 3432 1053 3494 huiusmodi
1087 3431 1251 3513 postulant
1283 3445 1314 3492 et
1341 3431 1509 3513 requirunt

241 3537 404 3619 premissis
428 3538 715 3600 constitucionibus
738 3558 836 3619 quam
861 3552 892 3599 et
916 3537 1174 3599 ordinationibus
1205 3537 1399 3618 apostolicis,
1433 3536 1507 3598 stilo

241 3642 367 3725 palacii,
381 3643 556 3725 ceterisque
581 3645 620 3704 in·
637 3644 832 3705 contrarium
856 3642 1046 3705 facientibus
1062 3663 1127 3705 non
1155 3643 1357 3704 obstantibus
1373 3643 1504 3724 quibus·

243 3768 392 3830 cumque,
416 3761 533 3810 statum
546 3763 576 3809 et
599 3749 711 3810 merita
736 3769 829 3811 cause
855 3762 886 3811 et
909 3768 1075 3810 causarum
1103 3748 1288 3811 huiusmodi
1313 3761 1344 3809 et
1361 3748 1507 3810 omnium

243 3854 381 3916 aliorum
417 3853 456 3914 de
495 3855 679 3916 necessitate
713 3854 919 3936 exprimentis
957 3868 1101 3916 tenorem
1130 3868 1161 3916 et
1192 3855 1417 3936 conpetencias
1447 3859 1507 3936 pr0

244 3959 414 4022 sufficienti
438 3959 593 4041 expressis
617 3959 819 4021 habentibus.

351 4080 370 4131 E
389 4086 554 4144 transumpto
574 4081 600 4131 in
621 4081 710 4132 charta
729 4081 851 4145 simplici,
871 4087 898 4132 at
912 4083 986 4132 inira.
1005 4081 1033 4133 la
1048 4082 1117 4132 arch.
1135 4083 1231 4147 colleg.
1246 4082 1508 4136 Praebendarioram.
