3472 5242
236 363 297 405 212
650 345 724 405 Doc.
750 342 820 418 169.
845 379 886 387 -
912 347 969 404 An.
993 356 1078 419 1521.

233 574 406 637 tenebitur.
430 572 544 634 Socius
568 590 643 632 vero
668 570 797 632 alterius
821 571 975 651 magistri,
991 571 1151 647 relictam;
1169 571 1220 631 vel
1237 569 1322 631 filius
1347 569 1503 650 magistri,

235 679 335 742 filiam
367 678 498 740 alterius
528 677 671 758 magistri
696 677 728 737 in
764 676 1007 738 matrimonium
1042 675 1206 754 ducentes,
1242 674 1438 756 jentaculum
1473 687 1505 736 et

232 784 406 868 prandium
429 781 601 866 expediant
624 795 655 843 et
678 781 790 843 floren.
820 781 877 863 1¹l,
904 781 944 842 ad
969 781 1111 843 ladulam
1137 793 1304 862 reponant.

341 891 478 952 Tercius
501 886 664 949 articulus.
689 886 787 960 Quod
813 887 921 948 nullus
937 888 1065 969 penitus
1081 886 1250 948 hominum
1268 900 1353 947 extra
1371 885 1503 948 czeham

236 998 381 1080 ipsorum
405 994 632 1076 magistrorum
650 992 852 1054 existentium
871 992 998 1054 labores
1015 1012 1226 1075 quoscunque
1242 1007 1342 1053 artem
1360 992 1503 1074 ipsorum

236 1114 466 1165 concernentes
490 1100 636 1161 laborare
661 1112 692 1159 et
715 1117 862 1159 exercere
893 1112 1073 1180 presumat;
1098 1113 1129 1160 et
1157 1100 1234 1160 dum
1267 1099 1327 1180 ipsi
1360 1098 1504 1179 magistri

237 1209 381 1290 aliquem
405 1206 560 1288 presentis
583 1205 691 1266 statuti
716 1219 980 1286 transgressorem
1005 1219 1248 1287 perscrutarent‚
1266 1206 1394 1266 labores
1417 1204 1504 1285 apud

239 1315 335 1375 talem
362 1326 506 1395 repertos
529 1311 695 1373 auferendi
720 1289 858 1371 hibeant
889 1324 1098 1393 potestatem;
1130 1330 1269 1392 quorum
1302 1311 1408 1372 media
1433 1330 1506 1392 pars

238 1418 336 1481 iudici
360 1418 507 1496 civitatis,
531 1417 656 1498 reliqua
680 1436 757 1478 vero
781 1415 821 1476 ad
847 1416 968 1477 dictum
992 1415 1090 1477 altare
1123 1415 1248 1477 cedant.
1281 1415 1382 1477 Modo
1406 1415 1504 1476 simili

238 1525 341 1587 eciam
366 1525 443 1585 dum
468 1523 629 1605 quispiam
654 1522 879 1603 magistrorum
913 1522 1141 1603 calcariparum
1177 1523 1225 1582 vel
1251 1535 1429 1584 serstorum
1454 1521 1506 1582 vel

237 1631 317 1691 alter
340 1629 439 1690 homo
464 1627 608 1704 forensis,
633 1627 853 1708 cuiuscunque
877 1640 975 1688 status
991 1627 1137 1705 existens,
1154 1627 1193 1688 ad
1217 1628 1318 1708 ipsam
1344 1628 1505 1688 civitatem

239 1735 445 1813 Crisiensem,
460 1734 599 1814 exceptis
630 1732 783 1793 nundinis
800 1730 919 1793 ibidem
937 1733 1088 1793 celebrari
1106 1732 1218 1810 solitis,
1235 1733 1363 1814 aliquos
1379 1734 1508 1794 labores

238 1841 454 1922 undecunque
478 1839 625 1900 locorum
661 1837 822 1899 vendendi
846 1838 952 1918 gracia
976 1838 1202 1919 apportaverit,
1238 1852 1353 1900 extunc
1385 1839 1432 1900 illi
1462 1839 1507 1900 la·

239 1949 333 2009 bores
357 1959 443 2008 extra
468 1944 630 2006 nundinas
653 1943 697 2004 sic
722 1943 838 2024 reperti
862 1942 1066 2022 aufferantur,
1083 1957 1113 2004 et
1130 1957 1164 2004 ut
1187 1944 1379 2026 premissum
1403 1944 1507 2005 estad

191 2078 195 2084 ·
240 2053 320 2114 duas
343 2052 476 2133 equales
500 2063 604 2131 partes
617 2048 823 2143 dividantur.

345 2158 488 2230 Quartus
511 2155 672 2216 articulus.
698 2154 797 2227 Quod
820 2154 955 2234 singulis
979 2157 1143 2217 mensibus
1177 2176 1240 2217 una
1273 2156 1324 2217 die
1356 2155 1506 2238 deputata

240 2264 329 2324 iuxta
352 2261 520 2322 arbitrium
545 2272 575 2321 et
599 2258 871 2320 deliberacionem
896 2259 1038 2340 ipsorum
1064 2261 1289 2341 magistrorum
1319 2283 1382 2323 una
1412 2263 1508 2323 missa

240 2366 279 2429 ad
317 2368 474 2428 honorem
513 2365 694 2425 beatissime
732 2365 830 2425 Marie
869 2365 1002 2446 virginis
1038 2368 1280 2448 assumpcionis‚
1315 2389 1372 2451 per
1406 2369 1508 2450 ipsam

240 2473 371 2535 czeham
396 2473 429 2533 in
453 2471 628 2553 prescripto
653 2469 744 2531 altari
769 2468 921 2531 celebrari
948 2468 1090 2549 facietur,
1116 2473 1170 2533 ubi
1189 2472 1325 2553 quilibet
1342 2474 1508 2555 magistro-

239 2597 310 2639 rum
323 2577 533 2660 personaliter
548 2575 658 2637 adesse
687 2575 802 2637 debeat
825 2594 926 2656 usque
942 2575 982 2636 ad
997 2578 1252 2658 complecionem
1279 2579 1378 2660 ipsius
1401 2580 1508 2658 misse,

241 2697 271 2746 et
295 2683 491 2764 quicumque
516 2681 742 2772 magistrorum
766 2700 798 2741 se
830 2680 1043 2741 absentaverit
1073 2682 1141 2743 sine
1175 2683 1260 2745 licita
1297 2685 1508 2765 negociorum

240 2807 373 2850 suorum
398 2787 613 2863 excusatione,
631 2785 703 2846 talis
727 2803 829 2846 unum
843 2784 1000 2846 fertonem
1018 2805 1088 2847 cere
1111 2789 1248 2850 exolvat.
1267 2790 1392 2850 Eodem
1406 2790 1509 2851 eciam

241 2893 293 2955 die
318 2893 477 2973 magistris
502 2892 533 2952 in
558 2891 655 2952 simul
680 2891 880 2970 congregatis
904 2909 961 2972 pro
996 2892 1169 2953 tractandis
1202 2894 1301 2975 ipsius
1334 2894 1430 2957 czeha
1455 2916 1510 2956 ne-

239 2999 351 3080 gociis,
375 2997 521 3078 singulus
546 2996 772 3076 magistrorum
796 2995 835 3055 ad
859 2995 1001 3076 pixidem
1026 2996 1173 3058 denarios
1191 3013 1328 3079 quatuor
1353 3001 1509 3082 imponat.

242 3105 389 3165 Preterea
413 3103 509 3163 etiam
533 3101 669 3182 singulis
686 3101 849 3162 mensibus
866 3100 1007 3180 magistri
1025 3101 1194 3163 czeharum
1217 3122 1280 3164 una
1299 3104 1351 3166 die
1368 3106 1512 3185 singulas

240 3207 386 3270 officinas
409 3226 465 3266 seu
489 3204 614 3267 tabulas
638 3218 818 3265 ceterorum
843 3204 1068 3284 magistrorum
1093 3206 1220 3268 visitare
1252 3222 1282 3269 et
1316 3210 1509 3289 perlustrare

243 3312 419 3389 debebunt,
456 3311 583 3371 labores
617 3328 749 3390 quoque
785 3309 929 3390 ipsorum
967 3309 1138 3391 diligenter
1175 3314 1384 3395 conspiciant,
1419 3329 1450 3376 et
1484 3316 1509 3375 si

242 3417 369 3496 aliquos
393 3416 519 3496 ineptos
542 3414 670 3475 labores
701 3412 886 3495 reperirent,
919 3413 1050 3475 eosdem
1082 3417 1237 3498 recipiant
1269 3432 1300 3479 et
1331 3419 1372 3480 ad
1405 3434 1512 3502 partes

244 3520 406 3601 frangant;
431 3519 662 3581 nichilominus
693 3518 880 3598 magistrum
911 3519 995 3600 apud
1021 3540 1118 3600 quem
1142 3523 1221 3583 tales
1253 3525 1351 3606 inepti
1386 3526 1514 3588 labores

243 3625 359 3707 reperti
385 3623 502 3685 fuerint
527 3625 612 3684 iuxta
636 3642 731 3683 suum
755 3622 947 3683 demeritum
972 3624 1039 3704 ipsa
1064 3625 1160 3687 czeha
1185 3648 1241 3689 seu
1269 3628 1513 3693 confraternitas

243 3730 366 3811 puniat.
392 3728 535 3809 Magistri
560 3746 636 3788 vero
661 3726 768 3803 czehe,
794 3747 851 3808 pro
875 3741 1019 3808 tempore
1044 3750 1109 3810 quo
1134 3733 1276 3813 ipsorum
1306 3733 1415 3796 officio
1438 3755 1514 3818 pre-

244 3845 327 3909 sunt,
352 3832 397 3892 nil
422 3833 550 3912 penitus
572 3832 612 3892 ad
638 3830 778 3912 pixidem
804 3830 878 3890 dare
903 3834 1107 3898 tenebuntur.

351 3936 492 4007 Quintus
506 3935 667 3996 articulus.
687 3935 785 4006 Quod
801 3935 910 3995 nullus
926 3938 1150 4017 magistrorum
1167 3940 1285 4004 ferrum
1304 3959 1514 4027 quotcunque

245 4042 277 4101 in
303 4039 373 4101 foro
398 4039 581 4100 vendicioni
607 4039 786 4119 expositum
812 4058 870 4119 pro
895 4040 1111 4104 elaboratione
1129 4047 1203 4107 artis
1226 4049 1369 4130 ipsorum
1391 4052 1515 4133 absque

244 4145 325 4207 scitu
350 4144 576 4223 magistrorum
601 4141 771 4203 czeharum
795 4162 900 4204 emere
928 4146 1054 4227 audeat,
1085 4151 1141 4210 sed
1166 4152 1196 4211 id
1231 4155 1389 4234 magistris
1413 4158 1512 4220 czehe

245 4247 422 4331 patefacere
447 4260 612 4321 teneatur;
637 4259 668 4307 et
690 4247 734 4307 sic
759 4245 876 4308 ferrum
901 4249 981 4309 illud
1006 4267 1129 4314 ematur
1152 4257 1176 4316 si
1195 4257 1351 4338 placuerit
1373 4274 1404 4321 et
1431 4262 1516 4324 inter

248 4353 417 4432 magistros
441 4350 612 4429 dividatur,
626 4370 716 4412 secus
730 4350 850 4413 faciens
866 4355 1047 4434 puniendus
1065 4359 1123 4418 erit
1140 4361 1225 4421 iuxta
1243 4362 1515 4429 deliberationem

246 4457 349 4517 tocius
374 4454 654 4516 confraternitatis.

354 4560 467 4620 Sextus
490 4559 651 4622 articulus.
675 4561 792 4623 Nullus
808 4563 1033 4642 magistrorum
1050 4566 1202 4630 seducere
1220 4571 1338 4634 audeat
1353 4572 1515 4639 famulum

248 4663 379 4726 alterius
402 4663 543 4745 magistri
568 4662 608 4726 ad
635 4683 680 4744 ae,
704 4667 770 4729 sive
803 4685 860 4748 per
890 4670 988 4750 precii
1024 4676 1325 4752 augmentacionem
1361 4693 1417 4741 aut
1451 4682 1516 4744 alia

247 4785 450 4850 quacumque
474 4767 600 4832 sinistra
615 4770 830 4852 peravaaione,
846 4773 1040 4835 contrarium
1057 4772 1160 4838 facere
1183 4792 1344 4843 attentans
1357 4799 1518 4865 repertus,
