3472 5242
629 340 749 404 Statura
771 337 1064 401 praebendariorum.
1407 357 1464 420 321

745 447 794 451 .—
871 447 957 451 -.-
1036 446 1073 451 —-
1097 445 1468 453 ⁴--...—....--..----.-—-

209 570 295 631 endo
320 584 351 631 et
385 568 589 646 declarando,
621 567 710 649 quod
740 582 813 650 post
840 581 977 630 mortem
1010 568 1073 629 iam
1105 565 1160 629 lati
1198 568 1321 629 domini
1345 569 1474 630 Andree

209 675 363 758 prepositi
389 674 583 736 chasmensis
606 687 676 751 etc.,
701 686 732 734 et
755 672 920 736 decessum
952 692 1046 734 suum
1072 674 1112 734 ab
1143 673 1205 735 hoc
1235 675 1355 753 secu10,
1379 675 1475 737 missa

209 801 267 863 pro
291 781 427 864 peccatis
451 781 607 863 descripta
632 779 728 841 simul
753 799 826 841 cum
861 779 1064 841 orationibus
1097 780 1236 859 variatis,
1273 781 1314 842 ad
1346 781 1475 843 missam

210 906 267 969 pro
292 885 444 947 defuncto
468 885 632 947 sacerdote
657 898 895 947 commutentur
923 899 953 946 et
977 885 1200 947 devolvantur.
1218 886 1269 946 Ad
1287 907 1350 968 que
1367 889 1476 950 omnia

210 1007 241 1054 et
256 993 383 1074 singula
399 1012 435 1054 ac
452 992 652 1073 singulorum
671 992 822 1074 premissa
847 992 1062 1074 nosmetipsos
1079 1006 1110 1053 et
1132 1012 1329 1054 successores
1353 1007 1478 1055 nostros

210 1100 269 1160 sub
294 1099 473 1161 iuramento
497 1099 683 1180 prescript0,
707 1112 817 1159 tenore
842 1098 1039 1180 presentium
1063 1117 1189 1180 semper
1220 1097 1335 1161 futuris
1365 1120 1477 1182 perpe-

210 1205 274 1266 tuis
297 1206 498 1286 temporibus
522 1205 672 1266 duratura
696 1217 727 1265 et
750 1224 807 1286 per
830 1223 900 1282 nos,
926 1224 1189 1286 successoresque
1221 1219 1346 1268 nostros
1369 1209 1477 1269 obser·

212 1310 316 1371 vanda
341 1310 680 1391 obligavimus,immo
698 1310 880 1391 obligamus
898 1309 1073 1371 in'omnem
1091 1325 1252 1373 eventum.
1269 1313 1480 1374 Promisimus

212 1416 342 1498 insuper
365 1430 396 1478 et
419 1417 635 1498 promittimus
659 1417 884 1498 prenominato
908 1416 1042 1478 domino
1060 1416 1188 1478 Andree
1205 1419 1368 1501 preposito
1387 1418 1476 1481 chas-

214 1522 327 1602 mensi,
349 1522 568 1604 canonicoque
594 1535 624 1584 et
648 1522 766 1583 vicario
790 1519 929 1604 sepefato
954 1522 1086 1583 ecclesie
1103 1524 1328 1603 zegrabiensis,
1348 1539 1382 1586 ut
1398 1544 1480 1607 opus

214 1628 298 1688 istud
324 1628 449 1689 salubre
474 1648 530 1710 per
553 1648 612 1689 nos
636 1643 667 1690 et
688 1647 886 1689 successores
909 1642 1034 1689 nostros
1066 1627 1225 1691 efficacius
1243 1630 1405 1712 perpetuis
1429 1629 1444 1690 f
1469 1666 1480 1676 -

215 1733 294 1794 turis
317 1735 517 1815 temporibus
541 1734 765 1815 adimpleatur,
783 1733 960 1814 quemlibet
976 1747 1120 1795 nostrum
1137 1735 1329 1797 nominatim
1346 1735 1378 1798 in
1397 1735 1480 1798 libro

218 1839 389 1901 Kalendini
414 1840 480 1901 sive
515 1840 621 1901 statuti
658 1840 757 1900 nostri
791 1859 888 1900 manu
923 1839 1051 1921 propria
1086 1840 1295 1919 subscribere,
1325 1842 1414 1923 quod
1451 1857 1482 1905 et

216 1965 413 2007 successores
436 1946 536 2007 nostri
560 1945 592 2006 in
616 1945 814 2007 assecutione
831 1965 962 2006 suorum
980 1947 1140 2007 bonorum
1157 1945 1260 2008 lacere
1287 1950 1482 2011 tenebuntur

217 2070 255 2112 eo
281 2050 374 2113 lact0.
399 2051 434 2114 ln
459 2051 550 2113 cuius
569 2051 614 2112 rei
639 2051 828 2113 memoriam
853 2064 884 2111 et
900 2051 1131 2130 testimonium,
1147 2050 1395 2135 firmitatemque
1411 2073 1482 2137 per·

219 2170 348 2238 petuam
373 2159 573 2240 presentibus
597 2157 739 2238 sigillum
772 2171 916 2218 nostrum
951 2157 1172 2237 auttenticum,
1197 2177 1263 2239 quo
1298 2160 1418 2221 utimur
1450 2160 1481 2221 in

219 2263 394 2324 kalendino
407 2277 528 2342 nostro,
540 2263 689 2324 duximus
706 2262 965 2345 appendendum.
983 2262 1100 2324 Datum
1119 2262 1196 2325 feria
1214 2265 1325 2345 quinta
1338 2266 1483 2347 proxima

220 2384 291 2451 post
316 2369 432 2431 festum
455 2370 539 2432 beati
564 2369 702 2431 Emerici
728 2369 828 2430 ducis.
853 2373 948 2430 Anno
973 2368 1096 2430 domini
1122 2370 1295 2432 millesimo
1325 2372 1483 2454 quingen-

219 2477 334 2538 tesimo
359 2477 543 2538 undecimo.
567 2512 609 2520 —
635 2475 821 2538 Leonardus
845 2475 885 2536 de
909 2474 1080 2553 lwannicz,
1112 2474 1269 2553 decanus3
1303 2477 1484 2560 Stephanus

221 2583 261 2644 de
286 2584 429 2666 Roycha‚
454 2583 642 2645 Franciscus
666 2582 705 2643 de
730 2580 880 2660 Zekchw,
897 2580 1057 2661 Georgius
1081 2580 1120 2641 de
1137 2582 1342 2663 Warasdino,
1360 2584 1485 2646 Blasius

222 2689 263 2749 de
286 2689 436 2768 Nedelcz,
462 2690 587 2751 Blasius
611 2688 650 2750 de
675 2687 834 2766 Gradech,
859 2687 1015 2749 Martinus
1040 2687 1079 2749 de
1104 2687 1313 2767 Gerzemche,
1332 2690 1486 2752 Nicolaus

222 2795 261 2855 de
288 2796 457 2876 llolronog,
473 2795 595 2876 Gaspar
617 2795 655 2854 de
673 2794 819 2871 Donbro,
837 2793 998 2854 Johannes
1023 2793 1062 2853 de
1080 2793 1293 2870 onannich,
1311 2795 1486 2878 Gregorius

223 2901 262 2961 de
288 2901 358 2961 vico
382 2916 537 2980 sutorum,
562 2900 723 2962 Johannes
747 2900 786 2960 de
811 2899 1003 2981 Podbresye,
1021 2899 1173 2961 Nicolaus
1196 2899 1235 2961 de
1253 2900 1412 2983 Kapolna‚
1431 2902 1486 2963 Di-

223 3006 346 3067 onisius
369 3007 408 3067 de
434 3006 633 3085 Gwdolwcz,
659 3005 839 3088 Stephanus
863 3006 902 3066 de
934 3005 1108 3087 Ywanych,
1140 3005 1277 3068 Michael
1302 3007 1340 3068 de
1366 3007 1484 3088 Mlaka,

226 3112 349 3172 Blasius
373 3112 413 3174 de
438 3112 730 3195 Zeyanehrezthya,
755 3111 948 3173 Benedictus
981 3111 1020 3172 de
1057 3111 1226 3191 Prodauiz‚
1252 3112 1414 3176 Johannes
1447 3114 1487 3175 de

225 3217 296 3278 vico
320 3231 476 3297 sutorum,
501 3220 657 3280 Martinus
681 3218 720 3280 de
746 3218 863 3301 Sypek,
886 3216 999 3279 Gallus
1024 3217 1063 3278 de
1087 3218 1238 3300 Welyka,
1263 3219 1424 3282 Johannes
1447 3220 1488 3282 de

226 3323 296 3384 vico
320 3338 476 3403 sutorum,
500 3325 579 3386 alter
603 3324 763 3386 Johannes
787 3324 835 3393 fde
868 3324 1013 3406 Reznyk,
1038 3323 1197 3405 Georgius
1228 3325 1268 3387 de
1299 3326 1488 3406 Zalathnolr,

226 3430 363 3491 Michael
388 3431 426 3492 de
452 3430 617 3514 Roychya.
649 3433 714 3490 Nos
747 3434 847 3507 itaque
881 3430 1020 3491 universi
1056 3444 1087 3492 et
1121 3430 1239 3512 singuli
1274 3433 1488 3514 prenominati

227 3536 431 3599 l‘rebendarii
456 3538 588 3600 ecclesie
613 3536 826 3618 zagrabiensis
848 3556 884 3598 ac
907 3549 973 3598 tota
1006 3536 1219 3598 communitas
1242 3537 1387 3599 unanimi
1411 3552 1488 3599 voto

227 3643 315 3723 prius
335 3642 505 3704 sufficienti
530 3657 561 3704 et
584 3657 710 3705 maturo
735 3643 870 3704 consilio
895 3640 1073 3723 prehabito,
1106 3643 1179 3704 illos
1210 3643 1296 3704 idem
1319 3644 1409 3706 mille
1432 3644 1489 3706 flo-

228 3766 321 3808 renos
345 3748 552 3830 exposuimus
576 3762 607 3810 et
630 3749 846 3810 convertimus
868 3748 901 3808 in
925 3748 1134 3809 commodum
1158 3768 1223 3809 non
1248 3768 1381 3831 parvum
1398 3750 1492 3812 nobis

228 3867 259 3913 et
282 3855 517 3916 successoribus
542 3855 657 3916 nostris
681 3854 873 3937 proveniens
897 3854 1058 3936 perpetuis
1081 3853 1194 3916 futuris
1210 3856 1410 3938 temporibus
1433 3856 1492 3917 du-

228 3973 382 4039 raturum,
404 3961 554 4022 videlicet
577 3961 748 4023 eximendo
772 3961 877 4022 bullas
901 3980 973 4023 cum
998 3961 1206 4022 absolucione
1232 3974 1262 4023 et
1286 3959 1493 4044 indulgentiis

229 4066 390 4146 plenariis,
415 4082 449 4127 ut
473 4068 504 4128 in
529 4069 606 4149 ipsis
629 4068 727 4129 bullis
742 4068 858 4129 clarius
886 4081 1035 4150 apparet3
1059 4087 1139 4149 quas
1163 4066 1268 4129 bullas
1291 4087 1416 4151 semper
1436 4088 1492 4130 vo·

230 4173 337 4234 lumus
354 4174 470 4236 habere
488 4175 519 4234 in
534 4194 637 4257 capsa,
651 4175 683 4235 in
708 4193 806 4255 quam
818 4188 964 4256 ternpore
990 4174 1101 4236 iubilei
1125 4174 1262 4256 pecunie
1283 4173 1492 4256 inponuntur.

337 4313 401 4380 Orig
429 4315 454 4365 io
474 4316 581 4368 membr.
610 4315 637 4364 ln
665 4314 762 4368 archiv.
783 4313 843 4366 incl.
862 4316 960 4368 Accad.
981 4315 1075 4368 scient.
1093 4312 1206 4365 ‘Slavon
1227 4313 1320 4367 merid.
1337 4313 1368 4364 11.
1387 4315 1413 4368 b.
1435 4315 1493 4366 148.

733 4527 993 4556 ·-<>ο<>-
