3472 5242
690 338 762 397 Bac.
779 350 829 414 24.
848 370 887 379 -
905 339 961 396 Aa.
981 349 1071 414 1504.

1062 441 1514 456 —ss——.q

860 563 922 628 24.

361 721 435 773 Anno
456 720 532 785 1504,
554 721 575 773 l.
594 721 690 772 martii.
710 721 737 771 ln
755 720 820 772 vilia
838 720 953 776 Mariani.

256 883 396 958 Legatum
420 882 632 956 Margarethae
653 883 755 940 nabilis
785 883 819 940 de
841 883 995 942 Miklevac
1023 884 1152 942 ecclessiae
1175 886 1345 958 parochiali
1371 904 1394 945 s.
1418 886 1520 943 Marce

593 997 621 1046 et
641 990 811 1047 monasteria
833 987 997 1048 Remctenst'
1016 992 1183 1064 ascriptam.

345 1148 435 1219 'lilla
468 1171 531 1218 aaa
567 1140 638 1218 aaa
675 1172 692 1218 a
723 1140 795 1218 atr-n
827 1173 843 1218 a
876 1140 967 1220 offa
989 1142 1093 1220 affin.
1134 1174 1238 1221 anae.
1285 1158 1388 1221 lbann'
1420 1144 1520 1222 nicin'

257 1280 293 1326 a.
317 1259 354 1346 ψ.
378 1277 414 1324 a.
439 1277 608 1339 ausaausa,
626 1277 771 1325 naaavn
789 1278 920 1325 nassa
938 1279 1042 1340 [osona
1060 1263 1164 1344 unac',
1180 1280 1227 1325 aa
1254 1280 1319 1327 nna
1343 1279 1520 1327 mannan-

260 1368 372 1431 nacnn’
390 1367 528 1444 nanac’.
554 1362 587 1429 a
614 1367 754 1444 naaion
777 1384 968 1432 maurienna
984 1385 1213 1432 cannatina
1231 1375 1347 1438 tranas
1364 1371 1521 1433 aadbmn·

259 1477 372 1537 ibana
397 1488 676 1554 mntaannarana,
707 1489 878 1537 causans
904 1477 1017 1538 anaba
1042 1491 1135 1537 nans
1160 1491 1186 1538 a
1211 1491 1332 1538 maaca
1359 1490 1520 1551 mansura

258 1579 403 1642 nancan'
438 1575 715 1642 nnannnnnacnn'
747 1579 808 1648 κου’
847 1596 951 1643 nana
986 1597 1119 1644 areana·
1151 1582 1316 1643 edbaan.
1349 1596 1520 1657 rasponus

258 1684 515 1747 aamaondban’
539 1700 655 1748 varona
686 1670 827 1748 audian
859 1701 989 1748 nasta.
1022 1689 1067 1749 db.
1092 1688 1276 1755 amaruan
1309 1702 1344 1748 nn
1376 1687 1520 1768 radbaa’3

259 1792 514 1868 ndbsuannua.
533 1807 570 1853 u.
588 1793 756 1859 balbam
773 1796 835 1859 tua·
853 1807 956 1854 nauta
973 1791 1034 1859 atu'
1056 1791 1188 1872 nasnn’,
1205 1807 1238 1854 ta
1262 1807 1313 1854 an
1337 1807 1400 1868 insa
1418 1793 1521 1855 maan'

258 1913 358 1978 nara,
383 1913 416 1959 aa
439 1913 456 1959 a
479 1912 525 1958 aa
542 1911 656 1965 annam
683 1912 783 1959 nossa
801 1912 920 1971 onnam
944 1897 1201 1960 aomamnbaa'
1225 1912 1384 1959 conannas
1409 1913 1521 1960 nnana

260 2000 450 2087 ‹psannsan'
475 2018 510 2064 nn
544 2018 683 2066 ramanus
720 2003 809 2064 nnan‘
843 2002 1008 2065 nasnr'va
1036 2002 1259 2082 a'tuandban',
1292 2009 1324 2070 tu
1361 2004 1522 2077 mannaa’,

260 2116 292 2177 tn
317 2107 474 2188 duatuan',
498 2123 542 2171 aa
566 2124 601 2169 aa
627 2107 879 2176 cantarana
904 2113 936 2176 tu
961 2109 1270 2187 aeadbdbatuannva,
1295 2113 1357 2176 tua
1389 2125 1519 2172 asanaa

261 2221 504 2292 arcamarcaa
529 2220 591 2281 tun
616 2229 837 2276 nnatannaaca
862 2230 975 2277 nauta.

367 2321 439 2384 utta
476 2319 752 2382 maurnanacnn'
794 2335 914 2396 nanae
947 2335 982 2381 nn
1007 2320 1245 2396 narratam
1278 2322 1377 2382 sanna
1402 2335 1523 2396 sanna

262 2441 442 2489 massanos
467 2440 569 2501 insana
595 2419 793 2509 alacianus
818 2420 995 2508 allamma
1018 2441 1033 2487 a
1059 2425 1152 2502 nsm’
1169 2441 1336 2488 mannaan
1352 2440 1522 2488 saansaan

262 2549 278 2595 a
303 2531 396 2608 'uam'
422 2533 650 2595 nnadlraannara
674 2533 967 2595 aasadbannauan.

367 2687 402 2752 (Α
422 2688 522 2752 tergo),
544 2671 688 2732 Andreas
704 2671 836 2750 arcium,
854 2672 1053 2733 decretorum
1071 2685 1103 2731 et
1118 2685 1204 2732 sacre
1220 2670 1383 2752 theologie
1401 2671 1523 2751 doctor,

262 2791 383 2856 cantor,
406 2776 579 2839 canonicus
611 2791 643 2839 et
672 2777 809 2838 vicarius
841 2776 973 2844 ecclesie
1005 2777 1219 2858 zagrabiensis
1248 2777 1280 2836 in
1305 2776 1524 2858 spiritualibus

263 2883 451 2967 premissam
474 2885 603 2945 nemine
628 2883 865 2946 contradicente
889 2882 970 2945 hanc
986 2883 1256 2945 testamentariam
1273 2882 1523 2964 disposicionem

263 2988 428 3052 confirmo.
452 3025 494 3034 —
518 2988 699 3068 Bernardus
721 2990 804 3050 Petri
830 2990 869 3052 de
895 2988 1087 3068 Modrussio,
1112 2989 1264 3050 notarius.

369 3147 503 3213 originale
524 3149 548 3199 in
568 3149 658 3199 charta
677 3148 701 3199 in
720 3148 789 3201 arch.
808 3145 974 3213 regnicolari,
994 3161 1059 3198 nunc
1078 3144 1211 3197 Pestinurn
1231 3143 1352 3197 ablatum.
1375 3147 1431 3198 Act.
1451 3161 1522 3199 mou.

263 3239 400 3289 Remetbe.
420 3237 494 3288 Fuso.
514 3234 556 3288 IV.
576 3251 614 3288 nr.
635 3237 658 3287 7.
679 3265 711 3273 -
731 3237 749 3289 l.
769 3232 931 3301 KukulJ'evit.
943 3237 1008 3286 Acta
1026 3233 1149 3286 croatica.
1169 3248 1229 3298 pag.
1251 3234 1309 3298 185,
1331 3236 1388 3292 186,

369 3377 581 3444 approbatio
606 3377 705 3430 buius
729 3377 939 3429 testamenti.
969 3375 1025 3427 Nos
1054 3375 1171 3426 Andreas
1198 3374 1404 3440 archidiaconus,
1433 3375 1525 3427 artium

265 3470 430 3520 decretorum
450 3472 475 3518 et
495 3481 568 3517 sacre
587 3464 725 3532 theologie
745 3469 847 3530 doctor,
866 3469 966 3528 cantor,
980 3462 1119 3525 canonicus
1140 3468 1166 3513 et
1185 3461 1297 3514 vicarius
1311 3462 1423 3514 ecclesie
1436 3479 1526 3529 ragra-

264 3555 364 3607 biensis
393 3555 419 3605 in
444 3553 634 3619 spiritualibus,
654 3569 844 3618 causarumque
869 3554 974 3604 auditor
998 3549 1141 3616 generalis.
1160 3549 1286 3601 Memoria
1311 3553 1524 3603 commendamus

265 3660 312 3709 per
330 3648 478 3708 presentes,
493 3646 561 3707 quod
583 3657 630 3693 nos
645 3657 755 3707 presens
768 3646 964 3701 testamentum,
979 3642 1108 3705 quondam
1123 3636 1219 3690 nobilis
1233 3640 1338 3690 domine
1352 3639 1526 3705 Margarethe,

265 3731 357 3784 relicte
377 3728 474 3782 nobilis
489 3733 618 3795 quondam
633 3731 731 3782 domini
746 3729 908 3780 balthasaris
924 3730 956 3778 de
970 3727 1142 3778 blilchoweca
1156 3725 1232 3777 nobis
1248 3732 1368 3790 patenter
1382 3726 1525 3780 exhibitum

266 3827 292 3873 et
311 3823 343 3871 ad
362 3819 566 3871 confirmandum
585 3823 765 3883 presentatum
785 3817 954 3882 perlegimus,
972 3817 1168 3880 perlectumque
1188 3816 1393 3879 approbavimus
1415 3821 1440 3866 et
1455 3822 1526 3867 ante·

266 3922 343 3975 quam
363 3909 395 3958 ad
415 3906 642 3958 confirmacionem
662 3908 778 3971 ejusdem
799 3904 1024 3969 processissemus
1050 3900 1180 3954 universis
1200 3903 1437 3955 contradictoribus
1462 3904 1526 3968 suis,

266 3997 288 4048 si
303 3997 346 4062 qui
360 3995 429 4047 lorte
444 3994 469 4045 in
483 3994 583 4046 diocesi
597 3994 772 4058 zagrabiensi,
783 3999 826 4043 aut
841 3993 905 4043 alias
920 3990 1067 4057 ubicunque
1078 3990 1198 4056 luissent,
1207 4004 1254 4054 per
1267 3989 1381 4043 edictum
1395 3992 1526 4055 publicum

265 4083 292 4136 in
317 4083 402 4134 valvis
427 4083 545 4147 predicte
572 4082 683 4133 ecclesie
709 4081 889 4146 zagrabiensis
915 4080 1022 4130 allixum
1050 4077 1179 4143 publicari
1204 4084 1231 4129 et
1255 4079 1381 4130 insinuari
1411 4080 1527 4144 lecimus,

265 4170 431 4235 terminoque
450 4171 598 4221 huiusmodi
618 4171 773 4222 adveniente
793 4175 819 4221 et
839 4171 910 4221 nullo
930 4167 1034 4233 penitus
1061 4165 1255 4219 contradictore
1278 4174 1430 4232 apparente,
1459 4168 1527 4220 idem

265 4264 453 4311 testamentum
478 4260 564 4323 quoad
585 4273 675 4309 omnes
702 4259 758 4309 eins
779 4256 913 4323 articulos,
932 4257 1091 4321 legaciooas,
1108 4256 1238 4306 clausulas
1266 4261 1292 4306 et
1311 4263 1409 4320 puncta
1431 4272 1527 4321 appro-

267 4348 395 4412 bavimus,
410 4345 595 4398 ratificavimus
616 4353 642 4397 et
661 4345 879 4410 confirmavimus,
891 4347 971 4398 immo
991 4346 1142 4409 probamus,
1153 4342 1310 4395 ratificamus
1331 4350 1357 4396 et
1372 4346 1527 4396 auctoritate

268 4433 401 4487 ordinaria
418 4434 602 4485 confirmamus
622 4436 670 4486 sub
690 4434 867 4498 impressione
886 4431 968 4497 sigilli
987 4434 1129 4485 vicariatus
1149 4437 1295 4483 memorate
1309 4433 1421 4485 ecclesie
1435 4448 1525 4498 cagra-

267 4522 367 4575 bieosis
386 4537 444 4574 cum
463 4521 661 4586 subscripcione
680 4522 775 4573 notarii
789 4521 885 4587 publici
899 4525 1064 4573 roboramus.
1079 4519 1175 4571 Datum
1189 4517 1319 4583 Zagrabie
1333 4521 1399 4571 leria
1412 4523 1527 4573 secunda

268 4612 388 4676 proxima
414 4616 474 4663 ante
501 4611 596 4663 lestum
622 4611 693 4662 beati
720 4609 830 4676 Georgii
855 4611 979 4662 martiris.
1001 4611 1074 4660 Anno
1102 4606 1207 4658 Domini
1234 4608 1377 4660 millesimo
1404 4609 1529 4673 quingen-

269 4699 366 4750 tesimo
387 4705 487 4764 quarto.
991 4755 994 4762 ,

1078 4768 1195 4833 Joannes
1215 4768 1372 4850 Benedictus
1392 4770 1424 4818 de
1444 4768 1528 4820 Pades

1194 4884 1197 4889 .
1232 4845 1358 4891 notanus.
