3472 5242
269 389 328 450 ¹14
691 371 764 431 Dor.
785 381 838 447 97.
863 404 905 413 -
929 371 987 432 An,
1012 383 1097 444 1511.

264 595 405 677 interfui,
436 596 546 677 sicque
576 595 644 658 fieri
679 595 744 657 vidi
777 608 809 657 et
842 595 962 674 audivi,
994 596 1026 656 in
1059 593 1220 675 fidemque
1253 608 1283 655 et
1310 596 1528 657 testimonium

264 703 492 785 premissorum
514 722 565 764 me
586 722 725 764 unacum
746 702 952 784 apposicione
977 701 1058 782 signi
1075 700 1325 764 thabellionatus
1341 703 1415 780 mei,
1432 722 1530 764 manu

265 829 336 871 mea
359 809 488 891 propria
512 809 712 891 presentibus
736 808 906 889 subscripsi
932 822 1061 888 rogatus
1084 822 1115 869 et
1138 808 1320 889 requisitus.

371 931 508 997 originale
527 933 552 983 in
579 933 728 983 membrana
752 936 793 982 sat
821 931 945 984 laceram.
964 929 1024 982 Duo
1050 945 1132 995 parva
1157 933 1247 998 sigilla
1265 946 1281 982 a
1300 931 1375 982 zonis
1394 928 1485 983 viridis
1504 934 1531 980 et

266 1020 343 1072 liavel
362 1022 461 1072 eoloris
481 1028 607 1086 appensa.
627 1021 654 1071 ln
673 1020 770 1072 archiv.
789 1035 847 1072 ven.
868 1020 953 1084 Capit.
972 1021 1079 1084 zagrab.

869 1268 930 1336 97.

374 1409 449 1461 Anno
471 1409 546 1474 1511,
564 1409 606 1459 20.
625 1407 786 1476 novembris.
805 1407 902 1461 Badae.

267 1539 296 1598 A
329 1538 483 1612 Vladislaa,
509 1536 685 1610 Hungartae
714 1543 761 1595 etc.
784 1553 862 1614 rege,
893 1536 1020 1613 capitula
1049 1536 1238 1613 zagrabiensi
1264 1535 1360 1592 editur
1388 1534 1536 1607 exemplar

234 1695 238 1709 .
270 1645 429 1717 testimonii,
453 1661 510 1716 quo
537 1649 619 1700 testes
648 1644 866 1714 congregatione
892 1642 1028 1715 generali
1053 1640 1134 1700 Crisi
1160 1638 1262 1700 habita
1288 1642 1535 1715 confirmaverunt

306 1751 465 1824 capitulum
488 1750 648 1822 antr'qut'tus
670 1747 804 1805 habuisse
823 1749 993 1821 facultatem
1007 1750 1078 1824 forr]
1096 1750 1127 1805 in
1150 1749 1272 1822 capituli
1291 1766 1363 1804 area
1385 1745 1490 1804 utendi.
1565 1797 1569 1804 .

375 1889 443 1950 Nos
475 1886 672 1948 Wladislaua
706 1886 758 1947 dei
793 1887 898 1967 gracia
934 1907 987 1949 rex
1024 1886 1190 1968 Hungarie
1227 1900 1259 1947 et
1290 1885 1444 1948 Bohcmie
1476 1895 1534 1944 etc.

270 1995 427 2056 Memotie
461 1992 736 2070 commendamus,
760 1992 848 2073 quod
884 1993 978 2054 nobis
1009 1994 1041 2054 in
1075 1993 1275 2075 presentibus
1307 1992 1428 2054 octavis
1462 1987 1533 2050 lesti

271 2101 354 2163 beati
379 2099 545 2161 Michaelis
575 2097 758 2180 archangeli
783 2099 927 2180 proxime
955 2100 1096 2181 preteriti
1121 2119 1261 2161 unacum
1289 2098 1454 2160 nonnullis
1478 2096 1535 2157 do-

271 2207 367 2268 minis
389 2205 529 2288 prelatis,
553 2205 738 2284 baronibus,
761 2206 984 2286 magistrisque
1008 2205 1258 2287 prothonotariis
1278 2218 1309 2267 et
1330 2205 1425 2265 huius
1446 2202 1535 2284 regni

272 2313 371 2374 nostri
404 2310 578 2389 nobilibus,
602 2311 687 2372 sedis
718 2310 839 2372 scilicet
860 2323 965 2372 nostre
994 2309 1159 2392 judiciarie
1184 2311 1293 2392 juratis
1316 2310 1537 2386 assessoribus,

272 2439 331 2501 pro
354 2416 501 2479 iaciendo
522 2416 722 2479 moderativo
744 2416 865 2498 judicio
884 2418 1088 2479 causantibus
1108 2416 1158 2478 hic
1177 2418 1267 2479 Bude
1289 2419 1320 2478 in
1338 2417 1413 2478 sede
1429 2428 1535 2477 nostra

160 2548 164 2555 ·
195 2569 197 2572 -
273 2524 438 2607 judiciaria
469 2542 528 2604 pro
558 2522 711 2584 tribunali
744 2522 941 2603 sedentibus,
966 2523 1171 2585 honorabiles
1202 2523 1344 2605 magistri
1371 2521 1537 2583 Ladislaus

274 2630 314 2692 de
339 2629 521 2692 Gerzencze
552 2642 583 2689 et
616 2628 782 2691 Emericus
815 2630 853 2691 de
877 2630 961 2692 Dees
991 2629 1137 2691 canonici
1166 2629 1297 2691 ecclesie
1323 2627 1538 2709 zagrabiensis

276 2755 334 2819 pro
357 2755 390 2796 se
415 2735 491 2817 ipsis
514 2734 724 2816 personaliter
749 2748 779 2796 et
802 2754 861 2816 pro
884 2734 1065 2796 honorabili
1083 2735 1224 2816 capitulo
1245 2734 1388 2795 eiusdem
1406 2732 1538 2794 ecclesie

275 2841 490 2922 zagrabiensis
522 2860 595 2902 cum
626 2841 853 2923 procuratoriis
885 2839 997 2902 litteris
1029 2841 1185 2919 ciusdem,
1208 2840 1292 2918 iuxta
1322 2840 1538 2902 continencias

275 2948 453 3010 litterarum
477 2947 597 3029 egregii
618 2947 759 3028 magistri
783 2946 942 3008 Francisci
959 2946 998 3008 de
1016 2945 1167 3008 Marocha
1184 2947 1360 3029 personalis
1376 2946 1537 3028 presencie

276 3065 383 3114 nostre
421 3073 457 3114 ac
495 3053 584 3134 regni
624 3052 722 3113 nostri
758 3051 930 3113 Sclauonie
966 3051 1200 3134 prothonotarii
1236 3071 1361 3113 necnon
1396 3050 1538 3132 judicum

276 3157 436 3220 nobilium
468 3158 636 3219 comitatus
668 3157 883 3237 zagrabiensis
914 3157 1219 3239 rescripcionalium,
1241 3157 1272 3218 in
1306 3156 1405 3238 ligura
1430 3155 1538 3236 judicii

277 3263 454 3345 personalis
489 3263 652 3345 presencie
687 3274 793 3323 nostre
826 3278 1057 3345 comparentes,
1088 3264 1215 3325 easdem
1247 3263 1366 3324 litteras
1398 3263 1539 3344 ipsorum

278 3369 419 3451 magistri
444 3369 602 3430 Francisci
627 3381 657 3429 et
680 3367 823 3449 judicum
850 3369 1009 3431 nobilium
1034 3370 1110 3431 dicti
1133 3370 1302 3432 comitatus
1326 3368 1540 3449 zagrabiensis

279 3477 311 3537 in
332 3476 444 3558 papiro
465 3476 569 3537 clause
589 3474 760 3554 confectas,
777 3489 886 3537 contra
904 3476 1077 3557 prudentes
1094 3489 1124 3537 et
1141 3476 1386 3557 circumspectos
1400 3472 1538 3554 judicem

279 3593 310 3642 et
333 3580 452 3661 juratos
476 3581 560 3642 cives
584 3580 719 3642 civitatis
743 3595 849 3642 nostre
874 3582 992 3642 montis
1017 3580 1186 3643 Grecensis
1211 3580 1316 3642 eidem
1342 3593 1448 3641 nostre
1472 3599 1542 3660 per·

279 3685 382 3748 sonali
414 3684 576 3768 presencie
609 3700 882 3768 presentaverunt,
910 3685 994 3748 hunc
1026 3699 1172 3748 tenorem
1204 3686 1422 3747 continentes:
1455 3683 1540 3766 (vide

281 3791 359 3854 Duc.
381 3811 433 3873 94.
451 3790 490 3853 de
513 3811 597 3853 anno
623 3813 632 3852 r
643 3814 676 3872 51
690 3814 714 3853 r.
737 3812 788 3873 23.
806 3792 954 3873 augusti).
973 3792 1233 3873 Quibusquidem
1255 3791 1367 3853 litteris
1383 3789 1542 3851 dictorum

281 3897 422 3978 magistri
446 3897 604 3958 Francisci
629 3887 862 3978 prothonotarii
885 3917 921 3958 ac
945 3911 1159 3979 pretactorum
1181 3897 1324 3978 judicum
1346 3896 1420 3957 dicti
1444 3895 1542 3957 comi-

281 4014 364 4063 tatus
395 4002 609 4083 zagrabiensis
640 4022 747 4064 coram
781 4002 864 4064 dicta
897 4017 1003 4064 nostra
1032 4003 1191 4086 personali
1217 4003 1379 4084 presencia
1404 4001 1436 4062 in
1461 4001 1543 4061 dicta

281 4107 355 4168 sede
380 4121 487 4169 nostra
510 4107 675 4189 judiciaria
700 4108 863 4190 productis
887 4122 918 4169 et
940 4108 1098 4187 exhibitis,
1122 4128 1181 4170 nos
1206 4108 1246 4169 ad
1271 4107 1542 4189 supplicacionem

282 4211 441 4274 dictorum
472 4212 613 4294 magistri
644 4212 783 4274 LadisIai
817 4227 847 4274 et
876 4214 1013 4275 Emerici
1047 4215 1276 4276 canonicorum
1309 4215 1340 4274 in
1371 4233 1483 4274 eorum
1508 4232 1543 4272 ac

282 4318 357 4379 dicti
390 4319 520 4400 capituli
554 4318 685 4379 ecclesie
717 4319 931 4399 zagrabiensis
965 4320 1110 4402 personis
1142 4334 1248 4382 nostre
1280 4333 1447 4401 propterea
1472 4337 1543 4399 por-

283 4436 399 4485 rectam
425 4423 594 4502 Maiestati,
618 4423 737 4485 litteras
760 4438 883 4486 nostras
903 4439 1046 4507 patentes
1066 4426 1171 4487 eidem
1193 4425 1333 4507 capitulo
1351 4444 1409 4506 pro
1427 4423 1543 4503 jurium

283 4546 415 4589 suorum
440 4528 580 4590 uberiori
604 4529 728 4591 cautela
750 4530 899 4592 duximus
916 4530 1146 4594 concedendas.
1165 4531 1282 4592 Datum
1301 4530 1391 4591 Bude
1408 4529 1544 4610 quadra·

283 4634 407 4715 gesimo
435 4647 524 4696 sexto
555 4634 607 4696 die
639 4648 824 4698 octavarum
857 4636 926 4700 festi
961 4637 1044 4699 beati
1071 4636 1236 4699 Michaelis
1266 4635 1448 4716 archangeli
1474 4654 1543 4717 pre-

285 4739 452 4803 dictarum.
476 4745 572 4802 Anno
596 4740 720 4803 domini
744 4742 917 4805 millesimo
942 4743 1201 4824 quingentesimo
1226 4740 1409 4803 undecimo.

392 4859 528 4927 originale
552 4862 578 4914 in
605 4861 703 4916 charta
729 4863 756 4915 In
775 4861 893 4933 margine
911 4864 986 4917 inler.
1006 4864 1163 4930 impressum
1182 4864 1308 4929 sigillam.
1327 4862 1354 4913 ln
1374 4862 1470 4915 archiv.
1489 4875 1547 4913 ven.

286 4948 351 5014 cap.
370 4951 478 5015 ragrab.
495 4949 552 5003 het.
572 4950 636 5016 Cap.
654 4955 707 5003 ant.
727 4950 792 5005 laec.
813 4952 911 5007 ltl..nr.
931 4953 973 5006 72.
