3472 5242
290 366 346 430 ¹32
704 339 777 406 Doc.
802 361 869 424 113.
894 381 937 390 -
959 347 1015 408 An.
1040 358 1127 422 1515.

285 577 413 659 pulsum
446 595 561 657 magne
593 595 746 657 campane
779 574 993 657 capitulariter
1020 575 1203 656 congregati
1228 573 1408 652 fuissemus,
1431 587 1548 636 tunce

286 683 394 745 medio
419 682 517 743 nostri
542 701 698 762 exurgens
722 680 913 742 venerabilis
937 681 1087 761 magister
1105 680 1290 761 Gregorius,
1307 679 1550 742 archidiaconus

286 789 325 851 de
362 789 493 868 Waslxa,
526 789 631 849 socius
665 801 695 849 et
729 787 965 848 concanonicus
1000 800 1107 848 noster
1142 786 1246 864 nobis,
1277 806 1313 846 ea
1344 806 1407 867 qua
1443 786 1550 848 decuit

286 895 468 957 reverencia
499 895 661 976 exposuit:
695 893 783 974 quod
808 912 880 954 cum
906 893 972 974 ipse
996 913 1034 953 ex
1058 893 1188 975 speciali
1213 912 1368 954 consensu
1395 905 1425 954 et
1449 911 1549 953 annu-

287 1002 376 1064 encia
401 1014 507 1062 nostra
536 999 575 1061 ad
600 999 701 1060 divini
727 1000 831 1061 cultus
854 1013 1063 1081 augmentum
1089 1013 1120 1061 et
1143 999 1338 1080 singularem
1365 998 1551 1059 devocionis

287 1106 434 1168 affectum
459 1127 495 1168 ac
516 1125 573 1188 pro
591 1105 822 1167 consecucione
839 1104 963 1166 celestis
978 1106 1079 1187 patrie
1096 1106 1194 1167 altare
1211 1118 1319 1166 sancte
1336 1119 1367 1166 et
1384 1103 1550 1165 individue

286 1213 453 1275 Trinitatis
487 1232 522 1273 ac
557 1212 699 1294 corporis
731 1211 854 1291 Christi
885 1211 966 1272 circa
998 1211 1161 1292 quandam
1197 1212 1382 1273 columnam
1418 1210 1551 1272 ecclesie
1587 1256 1592 1267 .

129 1333 133 1342 ·
210 1403 215 1410 .
288 1332 393 1381 nostre
425 1317 614 1380 cathedralis
645 1317 865 1379 intermediam
898 1317 1056 1395 erexisset,
1081 1331 1112 1379 et
1140 1318 1171 1379 in
1197 1317 1313 1379 eodem
1337 1316 1416 1378 duas
1440 1317 1552 1378 missas

288 1426 423 1508 singulis
455 1425 644 1487 ebdomadis
673 1425 705 1485 in
729 1438 919 1506 perpetuum
943 1423 1150 1485 celebrandas
1174 1444 1213 1485 eo
1237 1438 1392 1506 tempore,
1417 1423 1551 1484 dumio

289 1533 422 1594 ecclesia
445 1551 502 1613 per
519 1530 765 1592 ebdomadarios
782 1544 812 1591 et
829 1529 962 1591 chorum
979 1531 1083 1611 prima
1101 1530 1233 1606 dicitur;
1250 1530 1385 1612 primam
1404 1528 1553 1590 videlicet

289 1639 418 1699 missam
444 1637 483 1698 ad
508 1636 649 1715 laudem,
673 1636 809 1718 gloriam
838 1649 868 1697 et
891 1636 1047 1698 honorem
1072 1649 1177 1697 sancte
1203 1650 1233 1698 et
1255 1635 1419 1697 individue
1445 1634 1552 1695 Trini-

289 1744 371 1823 tatis,
395 1744 485 1804 cuius
516 1743 654 1804 secunda
686 1741 819 1804 collecta
843 1741 883 1803 de
911 1742 1044 1823 angelis,
1069 1743 1164 1804 tercia
1189 1742 1228 1804 de
1253 1742 1405 1804 omnibus
1427 1741 1553 1818 sanctis,

290 1863 419 1932 quarta:
444 1850 551 1910 Presta
584 1867 758 1929 quesumus
785 1847 916 1909 domine
945 1860 979 1908 ut
1003 1848 1108 1909 anime
1133 1846 1327 1909 famulorum
1351 1861 1481 1909 tuorum
1505 1867 1553 1907 sa·

290 1956 455 2018 cerdotum
488 1967 519 2015 et
546 1953 746 2032 clericorum,
771 1953 882 2035 quinta
906 1953 945 2014 ad
970 1952 1123 2035 placitum
1147 1953 1346 2017 celebrantis.
1372 1952 1552 2015 Secundam

290 2080 365 2123 vero
397 2061 527 2122 missam
556 2060 667 2141 quinta
700 2058 777 2120 feria
808 2059 953 2120 similiter
984 2058 1023 2119 ad
1056 2058 1197 2138 laudem,
1222 2059 1319 2120 decus
1343 2071 1374 2120 et
1397 2058 1553 2130 honorem

289 2167 490 2229 sacratissimi
515 2165 657 2248 corporis
681 2164 799 2226 Christi
824 2165 914 2225 cuius
936 2164 1076 2225 secunda
1101 2165 1233 2226 collecta
1251 2165 1290 2225 de
1312 2165 1403 2226 beata
1420 2163 1554 2247 virgine,

290 2275 386 2336 tercia
410 2272 449 2333 de
469 2285 578 2333 sancto
596 2290 668 2352 rege
686 2270 859 2352 Stephano,
877 2284 1006 2351 quarta:
1032 2270 1119 2332 Deus
1136 2271 1227 2331 venie
1244 2271 1369 2352 legitor,
1386 2270 1497 2351 quinta
1514 2269 1554 2331 ad

290 2380 443 2462 placitum
468 2377 657 2439 celebrantis
681 2376 829 2437 ordinare
854 2388 884 2437 et
908 2375 1077 2457 disponere
1101 2376 1328 2458 proposuisset.
1353 2376 1414 2436 Pro
1438 2376 1555 2456 quibus

291 2485 395 2547 missis
422 2482 508 2545 idem
532 2482 681 2562 magister
707 2481 881 2563 Gregorius
904 2480 1147 2543 archidiaconus
1171 2501 1244 2543 cum
1261 2481 1555 2563 dominovGeorgio

292 2592 331 2652 de
350 2589 543 2652 Warasdino
568 2587 656 2649 chori
681 2587 780 2649 nostri
805 2586 1017 2668 prebendario
1041 2587 1145 2648 taliter
1170 2587 1409 2649 concordasset:
1424 2587 1513 2668 quod
1529 2588 1554 2649 si

292 2698 359 2780 ipse
383 2695 534 2757 dominus
552 2693 727 2776 Gregorius
743 2692 968 2754 arhidiaconus
987 2692 1084 2754 altare
1105 2693 1283 2774 predictum
1301 2693 1463 2775 prebende
1480 2693 1554 2755 dicti

293 2801 417 2863 domini
443 2799 574 2881 Georgii
607 2811 788 2861 annecteret
820 2811 850 2858 et
877 2818 933 2879 per
957 2797 1133 2879 capitulum
1158 2799 1248 2860 unire
1273 2800 1426 2860 canonice
1450 2798 1555 2861 eidem

294 2906 456 2990 prebende
488 2906 520 2966 in
553 2917 742 2987 perpetuum
765 2917 960 2986 procuraret,
983 2925 1018 2965 ac
1043 2904 1177 2966 domum
1201 2924 1292 2966 suam
1316 2904 1555 2986 prebendalem,

294 3013 443 3075 videlicet
466 3011 619 3072 celarium
644 3010 829 3091 bipartitum
853 3011 1094 3072 subterraneum
1120 3023 1149 3071 et
1173 3010 1310 3092 desuper
1333 3012 1470 3080 stubam.
1485 3031 1556 3093 pre·

294 3119 411 3180 torium
437 3137 491 3178 seu
516 3117 689 3197 coquinam
713 3129 744 3178 et
768 3136 865 3177 unam
890 3136 1060 3195 cameram,
1078 3129 1108 3177 et
1127 3116 1240 3177 iterum
1258 3116 1404 3198 superius
1420 3118 1557 3193 stubam,

295 3224 469 3306 pretorium
508 3236 539 3283 et
578 3241 736 3283 cameram
772 3221 811 3282 de
846 3242 939 3283 muro
975 3241 1033 3304 pro
1070 3221 1146 3282 dicti
1181 3222 1288 3282 altaris
1323 3221 1493 3283 dotacione
1527 3233 1558 3282 et

295 3331 462 3391 missarum
498 3328 711 3409 predictarum
736 3326 930 3389 fundacione
950 3327 1097 3388 edificare
1122 3339 1153 3389 et
1176 3326 1301 3388 efficere
1325 3328 1432 3406 vellet,
1456 3327 1559 3389 dictus

296 3436 448 3497 dominus
480 3433 638 3514 Georgius
664 3433 895 3515 prebendarius
922 3433 962 3494 ad
987 3431 1123 3515 prefatas
1147 3433 1258 3494 missas
1282 3433 1380 3494 modo
1403 3433 1558 3515 premisso

296 3539 501 3602 celebrandas
532 3559 564 3600 se
589 3553 619 3600 et
642 3558 717 3600 suos
740 3559 935 3601 successores
959 3539 1102 3619 obligare
1128 3553 1158 3600 et
1182 3538 1355 3620 astringere
1380 3537 1558 3600 dummodo

296 3646 336 3706 ad
361 3645 421 3706 hoc
447 3645 653 3707 dominorum
678 3644 718 3705 de
743 3645 883 3726 capitulo
901 3645 1065 3706 accederet
1081 3665 1271 3718 consensus;
1289 3657 1320 3706 et
1336 3645 1437 3705 eciam
1454 3644 1558 3726 ipsum

298 3751 395 3812 altare
420 3770 493 3811 curn
517 3749 625 3811 tabula
649 3763 680 3812 et
703 3750 797 3811 stallo
821 3751 910 3811 omni
931 3750 1113 3812 ebdomada
1133 3751 1231 3812 semel
1249 3770 1397 3832 purgare,
1413 3749 1560 3831 pulveres

297 3869 454 3933 excutere,
480 3855 665 3917 indumenta
698 3856 805 3917 altaris
832 3876 889 3938 pro
913 3857 1067 3937 qualitate
1092 3855 1297 3918 festivitatum
1323 3869 1353 3916 et
1376 3869 1559 3937 temporum

299 3975 432 4039 mutare,
463 3980 609 4042 purgare,
645 3961 750 4022 lavare
785 3975 815 4022 et
849 3961 1020 4037 ventilare;
1056 3982 1105 4023 res
1137 3976 1167 4022 et
1199 3963 1283 4022 bona
1315 3961 1414 4042 ipsius
1444 3962 1560 4038 altaria,

299 4067 447 4128 videlicet
470 4067 593 4145 calices,
610 4066 766 4148 ampulas,
784 4067 972 4149 corporalia,
991 4088 1134 4150 mappas,
1152 4067 1272 4128 casulas
1293 4067 1561 4148 cumattinenciis

299 4187 329 4233 et
353 4172 461 4233 omnia
481 4172 543 4233 alia
560 4187 590 4234 et
606 4173 731 4253 singula
749 4192 952 4254 quecumque
969 4194 1025 4255 per
1042 4175 1147 4254 ipsum
1164 4173 1349 4253 magistrum
1368 4172 1560 4253 Gregorium

299 4290 353 4338 aut
376 4277 456 4339 alios
480 4277 630 4338 dominos
653 4297 711 4359 pro
734 4291 877 4359 tempore
903 4278 941 4338 ad
968 4280 999 4340 id
1024 4280 1121 4340 altare
1139 4282 1223 4357 data,
1240 4279 1384 4339 ordinata
1403 4292 1432 4339 et
1453 4278 1562 4358 acqui·

299 4383 357 4443 sita
389 4381 506 4443 fuerint
539 4383 659 4464 optime
687 4384 755 4445 sine
779 4383 921 4465 dampno
946 4399 975 4446 et
999 4386 1106 4466 aliqua
1132 4385 1351 4446 diminucione
1374 4403 1560 4445 conservare

300 4502 330 4550 et
359 4502 565 4550 manutenere
596 4489 804 4570 promitteret.
830 4491 1122 4572 Supplicaruntque
1155 4492 1251 4572 igitur
1282 4490 1375 4551 nobis
1400 4490 1562 4550 humiliter

299 4590 412 4675 prefati
445 4594 568 4657 domini
600 4594 775 4677 Gregorius
805 4595 1049 4658 archidiaconus
1080 4609 1111 4657 et
1144 4595 1304 4676 Georgius
1333 4594 1563 4677 prebendarius

298 4709 458 4779 quatenus
485 4721 545 4763 nos
575 4701 754 4783 capituliter
776 4700 906 4784 prefatis
930 4702 1097 4762 missarum
1122 4700 1322 4763 ordinacioni
1345 4713 1377 4763 et
1400 4719 1472 4761 cum
1498 4699 1563 4761 suis

294 4799 444 4866 collectis
476 4807 699 4887 celebrationi,
722 4807 829 4870 altaris
860 4807 901 4870 ad
934 4806 1130 4889 prebendam
1155 4807 1327 4869 annexioni
1351 4826 1387 4868 ac
1411 4819 1561 4888 perpetue
