3472 5242
651 354 725 416 Dac.
742 365 790 429 25,
808 349 858 413 26.
876 387 918 396 —
941 355 997 414 An.
1014 364 1103 430 1504.
1466 369 1504 429 25

348 576 405 644 Ego
420 550 536 644 loannes
555 577 682 645 notarius,
702 580 745 645 qui
765 593 852 645 supra,
871 581 959 633 lateor
978 584 1004 631 et
1022 578 1195 632 consenciens
1215 580 1283 644 dico,
1306 581 1377 646 quod
1396 593 1507 645 presens

242 670 434 730 transumptum
453 671 494 717 est
514 668 546 717 de
565 667 785 734 glagolitlco
805 666 831 720 in
850 669 957 720 latinum
976 666 1083 730 idioma,
1096 672 1176 733 prout
1195 682 1302 720 sensum
1321 673 1348 720 et
1366 669 1506 720 verborum

242 754 455 806 conformitatem
481 769 532 806 non
551 754 644 820 variat,
663 757 817 808 translatum
843 770 931 808 eoram
953 770 1004 809 me.
1023 754 1219 808 Testamentum
1240 762 1327 809 autem
1346 757 1372 808 iu
1391 757 1508 821 glego-

244 843 345 894 litleo
365 843 501 908 scriplum,
521 849 561 896 ast
585 858 632 908 per
651 845 784 897 dominum
804 843 929 897 vicarium
948 843 1149 911 zagrahiensem
1168 845 1350 898 confirmatum
1368 849 1395 896 et
1417 845 1507 909 sigillo

244 930 384 982 vicariatus
405 932 446 982 sui
467 931 619 997 sigillatum.

351 1017 457 1072 Summa
481 1018 602 1086 privileg.
631 1026 773 1075 monaster.
799 1020 993 1076 Remethensis.
1017 1019 1047 1074 In
1074 1023 1171 1075 archiv.
1191 1021 1273 1076 inelit.
1292 1023 1392 1074 Acead.
1412 1019 1508 1073 Solent.

246 1105 513 1161 summarium.
535 1110 563 1163 C.
585 1111 625 1163 13.

850 1254 907 1319 25.

350 1391 426 1441 Auno
449 1391 522 1456 1504,
543 1395 567 1445 8.
586 1390 681 1445 martii.
702 1392 861 1458 Zagrahiae.

245 1499 391 1571 lahalrnis
408 1499 529 1557 conam·
540 1502 618 1558 ducis
624 1504 714 1578 jussu
731 1504 920 1580 magistratus
941 1504 1043 1562 maratis
1065 1502 1215 1560 Greccnsis
1223 1503 1353 1577 fundum
1369 1503 1510 1577 quendam

506 1607 645 1666 desertum
669 1609 841 1666 incivitate
864 1610 952 1667 Hans
969 1610 1079 1687 pr'ctari
1099 1610 1172 1665 dana
1193 1609 1254 1669 dal.

351 1728 418 1789 Nos
432 1730 596 1791 Emericus
610 1729 785 1812 Mikulych,
799 1729 883 1791 filius
899 1731 1064 1809 Demetrii,
1077 1730 1183 1811 judex,
1201 1731 1348 1809 Jacobus,
1363 1728 1511 1808 Michael,

249 1834 418 1918 Georgius,
443 1835 591 1917 Michael,
626 1838 746 1915 Petrus,
772 1837 943 1914 Fabianus,
975 1837 1141 1897 Emericus
1165 1850 1197 1897 et
1224 1834 1384 1917 Georgius
1406 1834 1510 1916 jurati,

247 1941 420 2003 consiliarii
445 1956 476 2003 et
499 1943 638 2003 universi
663 1943 748 2004 cives
772 1942 909 2004 civitatis
933 1941 1223 2023 Montisgrecensis.
1242 1941 1398 2003 Memoris
1423 1959 1510 2002 com·

249 2046 439 2108 mandamus
461 2060 571 2109 tenore
597 2048 798 2130 presencium
822 2046 1037 2128 significantes
1060 2047 1178 2128 quibus
1196 2046 1323 2129 expedit
1345 2045 1510 2108 universis.

249 2152 395 2225 Qualiter
419 2173 478 2214 nos
501 2174 538 2215 ex
563 2153 716 2215 mandato
740 2153 863 2215 domini
888 2154 988 2215 nostri
1011 2153 1236 2234 graciosissimi
1257 2165 1288 2214 et
1306 2151 1510 2213 illustrissimi

248 2256 371 2319 domini
397 2258 552 2320 iohannis
583 2260 673 2321 ducis
698 2259 833 2322 Coruini
858 2274 916 2321 etc.
941 2258 1102 2341 quendam
1132 2257 1269 2320 fundum
1293 2258 1454 2320 desertum
1478 2257 1510 2318 in

249 2363 332 2424 dicta
357 2364 484 2425 civitate
509 2365 590 2426 inter
613 2365 728 2426 domos
752 2378 782 2426 et
806 2364 923 2427 fundos
946 2385 964 2427 a
988 2365 1191 2427 meridionali
1216 2363 1434 2445 circumspecti
1452 2362 1510 2423 viri

250 2468 402 2551 Stephani
434 2469 586 2532 aurifabri
620 2491 637 2532 a
669 2471 922 2553 septemtrionali
953 2491 1029 2532 vero
1062 2470 1164 2552 plagis
1196 2469 1350 2543 lobannis
1381 2469 1512 2551 pictoris

249 2575 434 2637 concivium
459 2592 651 2655 nostrorum,
665 2578 704 2638 ab
729 2577 875 2638 orientali
901 2596 977 2638 vero
1001 2576 1104 2657 platea
1129 2576 1310 2637 communis
1326 2588 1356 2637 et
1372 2574 1412 2635 ab
1429 2573 1511 2636 occi·

250 2678 368 2741 dentali
393 2682 546 2762 partibus,
571 2681 661 2743 locus
684 2701 803 2744 vacuus
836 2681 935 2763 ipsius
960 2682 1096 2743 civitatis
1127 2681 1222 2742 simul
1256 2700 1329 2742 cum
1360 2679 1511 2742 omnibus

249 2786 393 2847 eiusdem
419 2786 510 2848 fundi
534 2808 590 2849 seu
615 2788 677 2849 loci
702 2787 816 2849 deserti
842 2787 1043 2866 utilitatibus,
1067 2787 1200 2868 juribus,
1224 2787 1335 2848 usibus
1358 2799 1389 2847 et
1414 2785 1510 2867 perti·

251 2892 371 2953 nenciis
404 2893 559 2954 universis
590 2907 731 2976 pretacto
757 2894 846 2954 Hans
877 2894 990 2975 pictori
1015 2907 1047 2955 et
1069 2912 1126 2975 per
1153 2912 1227 2954 eum
1251 2892 1316 2954 suis
1339 2891 1511 2953 heredibus

250 2997 335 3059 iuxta
371 2998 557 3061 mandatum
594 3000 704 3081 prefati
743 2998 866 3060 domini
903 2999 1002 3060 nostri
1038 2998 1244 3077 contulimus,
1277 2997 1446 3059 statuimus
1480 3009 1511 3058 et

251 3103 470 3165 commisimus
494 3103 560 3185 iure
585 3119 740 3187 perpetuo
761 3119 791 3166 et
811 3104 1060 3166 irrevocabiliter
1076 3104 1263 3180 tenendum,
1280 3102 1511 3186 possidendum

249 3209 367 3291 pariter
399 3224 429 3271 et
461 3210 645 3272 habendum
677 3231 712 3272 ac
740 3211 825 3272 iuxta
848 3210 1073 3272 condicionem
1097 3222 1262 3291 prenotate
1290 3206 1448 3290 (civitatis)
1472 3208 1512 3268 ab

250 3315 383 3395 antiquo
407 3316 647 3397 privilegialiter
677 3318 884 3398 approbatam
914 3315 1221 3396 quomodocumque
1244 3314 1381 3375 voluerit
1404 3313 1512 3394 dispo·

250 3420 403 3483 nendum.
427 3422 460 3482 ln
487 3423 577 3482 euius
598 3423 642 3483 rei
667 3422 867 3500 memoriam,
883 3420 1130 3502 firmitatemque
1147 3433 1334 3502 perpetuam
1350 3432 1512 3501 presentes

252 3525 371 3588 litteras
395 3541 518 3588 nostras
541 3528 647 3608 sigillo
672 3542 780 3589 nostro
805 3527 969 3588 communi
994 3527 1154 3588 autentico
1176 3527 1340 3588 roboratas
1364 3525 1514 3586 duximus

251 3632 480 3693 concedendas.
506 3633 622 3695 Datum
653 3632 729 3695 feria
753 3647 838 3695 sexta
862 3633 1007 3715 proxima
1036 3646 1108 3694 ante
1133 3632 1327 3694 dominicam
1353 3631 1512 3693 Reminis·

251 3757 332 3799 cere.
356 3743 451 3799 Anno
477 3739 599 3800 domini
625 3740 797 3801 millesimo
822 3740 1080 3821 quingentesimo
1103 3752 1228 3819 quarto.

268 3914 273 3925 .
295 3914 313 3964 't
359 3842 493 3963 Origpnale
519 3844 544 3894 ln
570 3845 766 3896 membranas
792 3852 869 3909 tergo
894 3845 1051 3921 impressum
1078 3843 1203 3909 sigillum.
1223 3842 1252 3896 ln
1276 3844 1371 3895 archiv.
1391 3841 1436 3894 lib.
1457 3856 1512 3905 reg.

251 3928 321 3965 ervi.
342 3927 448 3977 sagra.

852 4040 912 4105 26.

358 4161 431 4212 Anno
455 4164 528 4227 lstll,
549 4164 571 4213 3.
592 4161 694 4226 aprilis.
715 4161 823 4214 Sisciae.

258 4287 425 4362 Gregorius,
453 4289 561 4346 Sisciae
580 4286 737 4364 parochus,
762 4311 781 4345 a
813 4291 910 4347 Paculo
933 4290 1036 4347 Kuntl‘
1061 4291 1152 4362 exr'ffl't
1181 4291 1307 4361 laganam
1330 4308 1349 4344 a
1371 4286 1514 4346 Mallaaea

253 4393 399 4463 Bruurm'l,
422 4398 482 4452 ciza·
503 4396 693 4468 sagrabr'easi,
713 4393 937 4467 praeberulariis
966 4397 1094 4453 ecclcsiae
1116 4396 1290 4452 cathedralis
1312 4401 1341 4452 el
1366 4397 1511 4455 allartstis

551 4502 683 4559 ecclesiae
704 4520 725 4560 s.
741 4501 847 4559 Marci
865 4509 1029 4559 testamenta
1052 4503 1216 4574 ascriptum.

359 4619 557 4682 Oracionum
590 4620 738 4702 suffragia
771 4622 803 4682 in
837 4622 971 4683 domino
999 4622 1197 4683 devotarum.
1223 4622 1359 4702 Egregie
1383 4621 1514 4683 domine

253 4727 296 4787 mi
322 4746 447 4808 semper
471 4727 672 4808 precolende.
691 4728 824 4789 Noverit
848 4728 960 4789 eadem
985 4729 1111 4810 egregia
1137 4728 1328 4790 Dominacio
1344 4741 1445 4787 vestra
1463 4747 1514 4788 me

252 4833 371 4894 litteras
403 4832 546 4894 eiusdem
579 4833 771 4895 citatoriales
802 4832 879 4894 mihi
912 4847 1062 4896 sonantes
1085 4853 1209 4895 summa
1235 4853 1308 4895 cum
1333 4834 1515 4897 reverencia
