3472 5242
676 374 749 431 Doc.
769 387 820 450 42.
838 405 879 414 -
906 375 963 431 An.
982 382 1070 447 1505.
1453 390 1493 451 43

230 600 290 662 sed
315 600 545 662 contumaciter
577 613 631 660 aut
654 599 716 660 alia
748 617 954 679 quacumque
979 599 1145 659 occasione
1170 598 1312 677 invento,
1336 598 1369 661 id
1393 598 1496 662 facere

231 720 395 786 renuente,
421 706 506 767 idem
539 720 645 767 custos
679 725 735 787 per
769 725 803 766 se
835 706 886 767 vel
920 705 1019 766 alium
1052 703 1195 767 officium
1227 705 1332 787 ipsum
1362 706 1496 768 omnino

231 813 387 892 absolvat,
416 813 448 873 in
480 813 624 894 proxima
656 825 762 873 tamen
788 811 945 873 divisione
978 825 1149 872 contumax
1173 811 1216 872 sic
1244 811 1432 873 manifestus
1455 811 1496 873 ad

234 918 489 980 insinuacionem
506 918 651 979 similiter
670 917 768 999 ipsius
785 917 935 995 custodis,
954 937 1019 978 uno
1044 917 1166 978 floreno
1185 917 1343 979 irremisse
1364 917 1496 979 mulcte-

233 1037 294 1085 tur.
326 1024 391 1098 Qui
424 1044 500 1085 vero
536 1024 568 1085 in
602 1038 696 1085 cantu
727 1024 827 1105 ipsius
863 1024 958 1085 misse
994 1023 1142 1101 defuerit,
1167 1023 1277 1085 decern
1309 1023 1431 1101 solidis,
1455 1022 1495 1084 ad

232 1130 427 1191 relacionem
461 1130 612 1208 custodis,
647 1130 736 1191 nulla
771 1130 939 1191 occasione
972 1130 1004 1190 in
1040 1130 1100 1191 hoc
1131 1130 1192 1191 sibi
1229 1129 1431 1210 suffragente,
1464 1129 1496 1190 in

231 1236 376 1317 proxima
400 1236 545 1297 similiter
569 1236 726 1297 divisione
750 1237 901 1318 privetur.
923 1236 989 1297 Has
1011 1249 1118 1297 autern
1141 1236 1363 1318 privacionum
1388 1254 1497 1317 penas,

233 1341 357 1403 custodi
381 1340 463 1424 (pro)
487 1356 632 1423 tempore
656 1343 839 1420 constituto,
864 1343 906 1403 ob
930 1342 1192 1420 sollicitudinem,
1217 1361 1314 1422 quam
1339 1342 1371 1402 in
1389 1360 1497 1423 perac-

234 1448 326 1510 cione
354 1448 452 1529 ipsius
477 1449 570 1509 misse
603 1469 658 1530 pre
683 1449 794 1510 ceteris
822 1449 938 1510 habere
963 1448 1133 1526 tenebitur,
1158 1468 1231 1508 cum
1255 1448 1341 1509 racio
1365 1447 1498 1509 canonis

234 1553 348 1615 dictat:
375 1555 469 1631 Eum,
487 1555 541 1635 qui
565 1555 660 1616 sentit
683 1574 776 1632 onus,
793 1555 908 1616 sentire
926 1554 1041 1614 debere
1059 1568 1089 1615 et
1106 1553 1327 1632 commodum,
1345 1554 1376 1613 in
1394 1565 1497 1614 totum

234 1658 346 1721 cedere
380 1660 541 1738 volumus,
565 1661 623 1721 hac
656 1674 763 1722 tamen
800 1660 1001 1738 condicione,
1038 1673 1073 1721 ut
1104 1659 1246 1721 delectus
1281 1678 1393 1720 omnes
1424 1657 1494 1739 qui-

234 1785 373 1846 cumque
404 1768 559 1845 venerint,
584 1767 731 1849 supplere
760 1787 871 1848 perse
896 1766 947 1827 vel
971 1786 1027 1848 per
1050 1767 1148 1827 alium
1174 1779 1329 1827 teneatur.
1354 1765 1394 1825 Et
1417 1783 1497 1844 quo-

234 1871 322 1932 niam
347 1885 457 1932 natura
481 1874 621 1934 humana
646 1893 745 1934 novas
769 1873 1134 1955 semperdeproperans
1158 1873 1252 1934 edere
1278 1871 1406 1948 formas,
1427 1870 1498 1932 lites

235 1996 334 2038 novas
371 1978 515 2058 quotidie
548 1979 690 2039 invenire
722 1993 865 2056 conatur,
891 1979 1035 2040 volentes
1067 1978 1256 2039 dissensioni
1289 1976 1393 2038 future
1418 1977 1499 2038 inter

236 2103 293 2144 nos
329 2097 360 2145 et
393 2104 590 2145 successores
625 2097 749 2146 nostros
784 2083 864 2146 forte
904 2085 1078 2166 emergenti
1118 2085 1286 2145 salubriter
1322 2102 1498 2164 occurrere,

235 2189 387 2250 nolumus
411 2190 442 2250 in
467 2190 599 2251 decimis
624 2191 698 2271 ipsis
722 2210 780 2272 pro
803 2192 1037 2253 sustentacione
1064 2204 1093 2252 et
1110 2190 1261 2251 alimonia
1280 2189 1498 2250 ministrorum

240 2296 381 2377 predicte
398 2297 493 2358 misse
517 2297 686 2377 deputatis,
703 2295 890 2378 dupplarios
906 2298 992 2378 ipsos
1013 2298 1085 2378 plus
1111 2297 1187 2357 iuris
1204 2315 1301 2377 quarn
1319 2294 1498 2376 simplicem
1557 2298 1561 2305 '

240 2420 402 2483 quemque
434 2403 624 2463 canonicum
660 2403 727 2464 ullo
753 2423 895 2484 unquam
920 2417 1064 2485 tempore
1088 2403 1216 2480 habere,
1241 2416 1294 2463 aut
1319 2401 1420 2462 eciam
1444 2398 1498 2460 ha-

237 2508 359 2569 bituros
382 2529 414 2569 se
440 2508 674 2590 quoquomodo
698 2522 862 2570 attentare.
888 2509 938 2569 Ad
963 2528 1024 2589 que
1048 2509 1157 2570 omnia
1183 2521 1213 2569 et
1237 2507 1373 2588 singula,
1397 2506 1440 2567 sic
1466 2518 1499 2566 ut

237 2616 426 2696 premissum
452 2629 507 2693 est,
525 2615 657 2676 firmiter
673 2629 703 2677 et
721 2617 907 2677 inconcusse
925 2616 1134 2693 observanda,
1153 2635 1221 2692 nos,
1238 2632 1499 2693 successoresque

237 2734 373 2798 nostros,
398 2722 517 2802 vigoris
549 2722 734 2783 testimonio
770 2721 882 2783 harum
915 2722 1091 2783 litterarum
1125 2736 1303 2783 nostrarum
1338 2719 1499 2780 mediante

238 2827 441 2888 astrinximus
473 2841 502 2888 et
526 2828 752 2908 obligavimus,
777 2828 1045 2908 astringimusque
1070 2841 1100 2889 et
1124 2828 1315 2908 obligamus.
1344 2826 1377 2885 ln
1409 2825 1500 2885 cuius

237 2933 281 2994 rei
313 2934 512 3010 memoriam,
537 2933 783 3014 firmitatemque
815 2947 1014 3015 perpetuam,
1038 2946 1198 3014 presentes
1229 2933 1348 2993 litteras
1378 2944 1500 2991 nostras

237 3040 453 3121 privilegiales
484 3040 653 3120 pendentis
684 3053 716 3101 et
746 3040 897 3101 autentici
926 3040 1023 3120 sigilli
1048 3040 1146 3100 nostri
1172 3038 1380 3120 impressione
1405 3036 1498 3097 robo-

238 3159 320 3206 ratas
345 3144 495 3206 duximus
519 3145 750 3207 concedendas.
776 3146 894 3207 Datum
918 3157 1029 3206 octava
1054 3146 1105 3206 die
1130 3145 1248 3206 mensis
1272 3142 1390 3224 aprilis,
1413 3160 1499 3203 anno

240 3251 364 3312 domini
388 3252 561 3312 millesimo
585 3252 843 3332 quingentesimo
867 3251 991 3332 quinto.

344 3374 364 3424 E
383 3390 484 3426 coaevo
504 3379 676 3439 transumpto.
697 3372 727 3425 In
747 3375 837 3426 archiv
856 3375 937 3426 inellt.
956 3373 1055 3426 Accad.
1075 3372 1170 3424 Scietn.
1191 3372 1294 3425 Slavor.
1314 3373 1405 3424 merid.

836 3621 898 3686 42.

343 3765 417 3816 Anno
440 3765 513 3828 1⁵05,
537 3766 575 3815 17.
592 3763 660 3829 julii.
679 3763 836 3828 Zagrabiae.

243 3875 375 3932 Andreas
406 3876 514 3932 artium
544 3883 573 3930 et
600 3874 772 3931 decretorum
804 3873 863 3931 Dr.
892 3871 1053 3945 parochis:
1084 3871 1220 3929 St'scr'ensi
1246 3887 1273 3929 et
1309 3870 1504 3928 Pellenicensi

240 3981 368 4048 mandat,
392 3988 425 4036 u!
454 3977 606 4037 nonnullos
631 3981 854 4052 possesstanatos
883 3977 1010 4035 homines
1040 3976 1187 4036 districtus
1217 3976 1364 4035 Sisciensr's
1378 3984 1504 4050 propter

378 4087 486 4158 legata,
507 4082 626 4156 collegio
650 4085 931 4141 Praebendan'orum
955 4081 1114 4162 denegata,
1138 4086 1169 4140 in
1184 4085 1239 4158 jus
1263 4091 1365 4141 vocent.

347 4205 491 4267 Andreas
515 4207 647 4284 arcium,
672 4206 873 4267 decretorum
902 4187 932 4266 et
956 4224 1042 4266 sacre
1066 4204 1228 4286 theologie
1253 4204 1375 4280 doctor,
1400 4202 1500 4263 archi-

240 4312 395 4373 diaconus
430 4312 469 4372 de
505 4312 615 4388 Bexin,
663 4311 835 4372 canonicus
872 4323 903 4372 et
938 4311 1074 4371 vicarius
1101 4311 1241 4395 ,ecclesie
1277 4309 1500 4391 zagrabiensis.

241 4418 480 4480 Dileccionibus
503 4419 614 4479 vestris
638 4418 669 4479 in
695 4417 809 4477 virtute
826 4417 972 4478 salutaris
989 4416 1177 4477 obediencie
1194 4429 1225 4477 et
1241 4416 1300 4477 sub
1318 4434 1501 4476 excommu-

241 4525 415 4585 nicacionis
435 4544 516 4605 pena
535 4524 646 4584 harum
664 4525 743 4584 serie
760 4522 990 4584 committimus
1006 4521 1195 4599 firmissime,
1213 4534 1370 4602 quatenus
1386 4519 1502 4581 habitis

241 4630 441 4711 presentibus
479 4629 630 4711 providos
672 4629 775 4689 viros:
812 4629 1012 4691 Demetrium
1057 4627 1291 4710 woyewodam,
1328 4626 1502 4687 Martinum

242 4735 432 4817 Baltharych
464 4736 504 4796 de
535 4735 620 4812 Zela,
651 4736 778 4797 Petrum
812 4734 1019 4816 Cztvetnych,
1055 4734 1262 4796 Valentinum
1296 4731 1501 4814 Gerdynych,

242 4840 434 4921 Gregorium
448 4840 695 4923 Paivokoivych,
708 4841 908 4901 Demetrium
925 4839 1130 4923 Gerdynych,
1144 4838 1306 4901 Andream
1320 4836 1501 4921 Hobetych,
