3472 5242
274 345 316 391 ao
675 328 751 389 Doc.
767 321 882 402 r8.19.
902 360 943 371 -
960 328 1016 389 An.
1031 338 1120 404 1503.

1224 429 1529 437 ---.—-——--—---—.

273 553 487 637 zagrabiensis
521 573 580 635 pro
614 552 760 614 levandis
794 553 887 614 certis
923 551 1067 633 pecuniis
1102 551 1239 614 condam
1275 549 1531 613 reverendissimi

273 660 397 723 domini
418 658 563 722 Oswaldi
587 659 728 741 episcopi
752 657 896 720 eiusdem
920 658 1052 719 ecclesie
1072 656 1296 739 zagrabiensis,
1313 677 1369 738 per
1394 656 1534 718 eundern

272 766 312 829 ad
328 767 570 830 ordinacionem
588 778 813 848 perpetuarum
831 765 999 826 missarum
1016 765 1143 842 relictis,
1157 784 1175 826 a
1190 763 1390 845 quoquidem
1401 762 1533 824 domino

272 874 359 935 Luca
395 872 546 955 episcopo
581 871 684 953 prima
722 870 787 932 vice
826 870 1079 952 quadringentos
1113 884 1144 933 et
1179 869 1380 951 septuaginta
1416 860 1533 930 novem

272 979 428 1055 florenos3
452 977 592 1040 secunda
616 996 691 1038 vero
715 976 784 1037 vice
802 976 864 1037 dua
880 976 983 1037 millia
999 976 1068 1038 flor.
1086 976 1126 1037 ad
1143 976 1424 1038 conservacionem
1442 974 1533 1035 castri

272 1085 387 1167 Jaycza
411 1084 532 1165 integre
557 1096 587 1143 et
610 1083 678 1144 sine
702 1083 789 1143 omni
813 1080 939 1143 defectu
963 1082 1077 1144 levavi.
1094 1083 1160 1143 Nec
1185 1082 1276 1143 aliter
1298 1082 1365 1163 ipse
1382 1080 1534 1141 dominus

273 1191 376 1252 Lucas
399 1190 568 1272 episcopus
591 1189 743 1271 pecunias
766 1189 850 1270 ipsas
873 1189 1023 1250 manibus
1047 1178 1127 1249 meis
1155 1188 1337 1269 assignavit,
1361 1187 1422 1248 nisi
1447 1187 1535 1268 prius

272 1296 500 1378 promisissem,
524 1295 612 1377 quod
634 1295 771 1377 pecunie
795 1296 861 1377 ipse
885 1294 926 1356 ad
950 1294 1230 1355 conservacionem
1256 1293 1347 1355 castri
1372 1293 1486 1374 Jaycza
1504 1305 1534 1352 et

271 1421 337 1464 non
369 1402 447 1464 alias
471 1414 680 1485 exponentur.
705 1401 738 1463 ln
771 1402 861 1462 cuius
894 1401 938 1461 rei
972 1401 1194 1461 testimonium
1223 1413 1386 1481 presentes
1415 1399 1534 1460 litteras

271 1527 359 1570 meas
382 1507 489 1590 sigillo
511 1527 584 1570 meo
610 1508 806 1589 consignavi.
825 1507 942 1568 Datum
968 1504 1107 1567 Chasme
1132 1504 1209 1567 feria
1231 1505 1371 1577 secunda
1389 1503 1533 1586 proxima

271 1627 344 1696 post
367 1613 484 1676 festum
507 1614 591 1676 beati
617 1612 763 1695 Gregorii
787 1632 881 1694 pape.
904 1615 1001 1673 Anno
1030 1611 1152 1672 domini
1178 1611 1352 1673 millesimo
1376 1610 1533 1691 quingen·

270 1719 386 1781 tesimo
410 1720 519 1781 tercio.
1160 1710 1167 1724 '

378 1840 514 1907 Originale
533 1840 560 1893 in
579 1842 678 1905 charta,
693 1839 719 1891 lu
740 1838 857 1904 margine
875 1837 994 1890 inferiori
1013 1839 1170 1903 impressum
1191 1844 1232 1890 est
1251 1839 1374 1903 sigillum.
1389 1837 1416 1887 lu
1436 1836 1533 1888 archiv.

271 1945 331 1984 ven.
352 1931 436 1995 Capit.
456 1931 562 1996 zagrah.
581 1929 638 1983 Act.
661 1929 726 1992 Cap.
745 1933 797 1979 ant.
819 1927 882 1979 fasc.
903 1928 945 1981 92.
965 1942 1002 1978 nr.
1023 1929 1064 1978 37.

875 2131 931 2196 18.

378 2274 451 2323 Anno
474 2272 548 2336 1503,
569 2272 610 2322 23.
631 2269 731 2335 aprilis.
752 2269 907 2335 Zagrahiae.

277 2398 451 2456 conventum
470 2415 533 2455 cum
543 2396 767 2470 praebendariis
778 2397 912 2456 ecclesiae
923 2396 1097 2454 cathedralis
1105 2397 1221 2471 factum
1235 2397 1269 2454 dc
1280 2399 1368 2455 mr'ssa
1381 2397 1533 2469 »Assump-

421 2504 510 2560 cionis
532 2503 670 2560 Mariae«
690 2502 816 2576 singulis
838 2502 935 2561 diebus
954 2504 1150 2560 continuanda
1167 2504 1275 2560 annuis
1297 2514 1336 2577 25
1344 2503 1384 2578 fl.

376 2646 473 2702 Anno
497 2640 620 2704 domini
651 2663 743 2724 1503.
761 2661 834 2703 cum
857 2641 1080 2703 prebendariis
1104 2641 1184 2703 iacta
1209 2656 1256 2703 est
1279 2642 1450 2703 conventio
1474 2661 1532 2723 pro

271 2745 366 2807 missa
382 2746 625 2829 Assumpcionis
643 2748 743 2809 Marie
768 2748 900 2829 virginis
923 2748 1063 2830 gloriose
1086 2768 1181 2830 super
1204 2748 1294 2809 altari
1315 2768 1371 2829 per
1387 2767 1532 2809 reveren·

271 2849 439 2913 dissimum
463 2853 633 2913 dominum
657 2853 789 2930 Lucam,
813 2853 982 2915 dominum
1007 2867 1038 2914 et
1061 2853 1219 2935 prelatum
1243 2867 1387 2914 nostrum
1410 2853 1532 2935 gracio-

274 2957 447 3035 sissimum,
464 2958 497 3018 in
513 2959 693 3019 sanctuario
710 2979 727 3019 a
744 2959 837 3040 plaga
855 2959 1057 3021 meridionali
1076 2959 1115 3020 de
1133 2979 1218 3020 novo
1236 2958 1381 3038 fundato,
1399 2958 1532 3041 singulis

270 3061 384 3123 diebus
407 3063 625 3125 continuanda
648 3065 707 3125 sub
732 3083 848 3145 magna
873 3066 967 3126 missa
991 3085 1094 3145 usque
1116 3065 1356 3126 revolucionem
1374 3066 1460 3144 anni,
1475 3085 1532 3147 pro

270 3169 399 3230 florenis
432 3170 544 3251 viginti
569 3171 713 3251 quinque
738 3171 769 3232 in
803 3171 930 3233 duobus
953 3172 1096 3233 terminis
1130 3171 1249 3232 eisdem
1274 3170 1446 3232 solvendis.
1471 3171 1532 3232 Pro

271 3295 334 3355 qua
358 3275 453 3337 missa
477 3296 532 3357 per
557 3276 733 3339 antefatum
758 3278 1059 3339 reverendissimum
1088 3277 1257 3339 dominum
1282 3279 1401 3338 Lucam
1426 3290 1531 3357 empta

269 3394 316 3441 est
339 3381 429 3441 Bude
454 3402 517 3442 una
541 3382 657 3443 domus
689 3383 796 3473 acialis
821 3385 852 3444 in
877 3404 948 3444 area
982 3404 1006 3444 s.
1031 3384 1155 3445 Nicolai
1181 3382 1370 3444 confessoris
1393 3402 1451 3464 pro
1475 3382 1532 3443 flo-

269 3487 354 3548 renis
378 3487 466 3549 mille
491 3472 748 3569 quadringentis,
771 3490 1001 3570 quamquidem
1029 3490 1156 3550 missam
1178 3502 1330 3570 ceperunt
1346 3489 1531 3549 continuare

270 3591 368 3652 iidem
399 3592 605 3654 Prebendarii
631 3594 662 3655 in
688 3593 768 3655 festo
800 3596 829 3656 b.
855 3596 978 3656 Alberti
1010 3596 1157 3672 martiriS,
1182 3596 1264 3655 circa
1292 3593 1388 3655 finem
1414 3596 1533 3655 mensis

270 3696 389 3778 aprilis.
1577 3690 1584 3705 ’

375 3801 511 3868 Originale
538 3803 563 3856 in
593 3805 690 3856 charta.
720 3804 747 3855 In
776 3804 872 3856 archiv.
899 3820 956 3856 ven.
987 3804 1071 3868 Capit.
1096 3807 1200 3870 zagrah.
1229 3805 1285 3856 Act.
1312 3805 1374 3869 Cap.
1395 3811 1447 3858 aut.
1467 3806 1530 3856 lasc.

270 3887 449 3944 101.nr.10.

872 4008 928 4073 19.

376 4127 449 4178 Anno
470 4127 547 4192 1503,
566 4129 607 4182 26.
628 4127 729 4192 aprilis.
748 4128 904 4194 Zagrahiae.

376 4251 485 4312 Tertia
510 4251 561 4313 die
585 4273 609 4314 s.
627 4252 758 4334 Georgii
783 4254 837 4315 dat
861 4253 1102 4334 inquisitionem
1127 4255 1221 4337 iudex
1246 4257 1404 4318 nobilium
1423 4272 1531 4319 contra

270 4355 427 4417 loannem
452 4357 595 4440 Posegay
619 4358 659 4418 de
684 4357 859 4438 Egudoucz
893 4360 1155 4422 tricesimatorem
1180 4363 1418 4442 zagrabiensem
1443 4364 1531 4443 quod
1624 4397 1627 4401 ,

269 4479 354 4521 anno
384 4483 459 4540 1501
495 4463 577 4532 circa
601 4483 641 4524 ss.
666 4465 809 4545 corporis
844 4465 962 4526 Christi
994 4485 1031 4526 ex
1055 4467 1185 4528 cellario
1219 4469 1325 4529 coloni
1350 4469 1531 4551 capitularis

269 4564 377 4626 Bedek
402 4566 434 4627 in
458 4567 548 4629 Luka
572 4568 605 4628 in
628 4570 851 4650 promontorio
875 4571 1019 4632 Vrabcha
1045 4591 1146 4633 unum
1170 4594 1225 4634 vas
1249 4575 1430 4636 abduxisset
1454 4575 1531 4635 vini.

268 4703 311 4714 -
331 4670 483 4733 Vicebani
508 4687 538 4735 et
562 4674 695 4736 comites
718 4674 899 4739 Bernardus
923 4676 961 4737 de
983 4677 1111 4739 Turocz
1135 4692 1166 4739 et
1189 4679 1353 4741 Balthasar
1377 4681 1417 4742 de
1437 4680 1531 4763 Alap.

375 4791 543 4849 Marcelovic'.
561 4794 686 4862 Regesta,
706 4802 733 4848 ut
752 4811 839 4863 snpra.
