3472 5242
646 338 720 396 Dor.
744 348 793 413 73,
819 349 859 414 74
894 372 929 380 —
958 340 1014 397 An.
1037 351 1124 413 1510.
1458 359 1499 420 77

236 562 416 625 dominium
448 563 633 625 earumdem
667 564 904 625 intromissione
937 578 967 626 et
994 565 1053 626 sibi
1079 565 1155 646 ipsis
1175 566 1440 648 appropriacione
1464 586 1500 628 ac

235 667 488 747 statuilaccione,
514 690 649 751 usuque,
681 669 842 732 fructuum
874 685 905 733 et
937 671 1154 752 quarumlibet
1185 671 1360 735 utilitatum
1391 692 1501 736 earum

236 775 445 856 percepcione
468 795 523 837 seu
542 775 818 858 percipiiaccione,
836 778 983 838 universa
1000 777 1100 838 eciam
1124 777 1260 860 capitula
1279 792 1309 840 et
1325 793 1501 842 conventus

234 899 270 941 ac
302 880 364 942 alia
396 881 465 942 loca
499 882 611 962 quevis
642 882 807 945 credibilia
838 903 857 943 a
890 883 1067 945 litterarum
1099 902 1229 945 suarum
1262 885 1500 947 statutoriarum

234 1005 290 1047 seu
321 986 455 1048 aliarum
489 1006 765 1069 quarumcumque
790 987 1009 1050 lassionahum
1033 989 1205 1070 superinde
1229 988 1444 1053 confectarum
1470 1003 1501 1053 et

234 1090 504 1153 conficiendarum
535 1094 743 1156 emanatione
772 1107 803 1155 et
825 1093 1049 1156 extradacione
1073 1093 1164 1156 factis
1188 1096 1425 1177 quoquomodo
1448 1095 1500 1158 vel

235 1196 349 1259 fiendis
381 1198 545 1279 prohibuit
572 1199 823 1261 contradicendo
847 1213 877 1260 et
901 1200 1092 1262 contradixit
1116 1199 1293 1263 inhibendo
1317 1202 1446 1284 publice
1470 1215 1502 1264 et

235 1300 401 1365 manifeste
425 1323 533 1366 coram
557 1305 651 1366 nobis
674 1305 858 1367 testimonio
880 1305 1080 1387 presencium
1098 1305 1273 1369 mediante.
1288 1307 1407 1370 Datum
1424 1307 1501 1370 feria

234 1409 331 1471 tercia
355 1409 499 1491 proxima
523 1424 596 1492 post
619 1410 735 1473 festum
760 1410 1072 1493 Transfiguracionis
1089 1411 1225 1474 domini.
1242 1416 1339 1474 Anno
1356 1413 1502 1477 eiusdem

234 1515 407 1577 millesimo
432 1516 692 1598 quingentesimo
716 1536 815 1578 nono.

340 1655 477 1720 Originale
495 1655 521 1707 in
538 1657 636 1710 charta.
661 1658 682 1707 Α
700 1662 778 1722 tergo
798 1657 939 1721 vestigium
959 1656 1081 1721 impressi
1101 1657 1192 1722 sigilli.
1211 1656 1239 1709 ln
1259 1659 1355 1711 archiv.
1376 1659 1421 1713 lib.
1441 1675 1499 1726 reg.

235 1743 306 1795 civit.
325 1746 430 1809 eagrab.
778 1814 794 1843 ο

834 1957 894 2025 ta.

338 2079 412 2130 Anno
433 2080 509 2144 1510,
529 2081 553 2131 2.
573 2078 673 2144 aprilis.
696 2067 816 2133 Casurae.

234 2205 338 2275 Lucas,
358 2208 501 2284 episcpus
523 2208 728 2281 sagrabierrsr's,
741 2209 866 2281 capitulo
884 2209 1034 2281 praecepit,
1054 2216 1088 2264 ut
1101 2209 1242 2285 johanni
1256 2210 1380 2269 Bradal
1398 2212 1492 2270 archi-

588 2313 712 2372 diacono
734 2314 885 2388 denegatos
907 2314 1015 2371 reditus
1037 2313 1148 2373 tradat.

341 2454 444 2514 Lucas
467 2453 636 2535 episcopus
658 2453 873 2534 zagrabiensis
896 2452 1028 2533 jusserat
1048 2453 1189 2535 capitulo
1206 2453 1350 2514 redditus
1368 2454 1501 2515 loannis

236 2558 389 2638 Bradach,
411 2558 625 2621 archidiaconi
652 2558 749 2620 Bexin
774 2559 814 2619 ad
839 2559 1075 2641 beneplacitum
1100 2559 1199 2641 ipsius
1222 2578 1400 2635 reservare,
1425 2559 1500 2640 quia

234 2676 340 2726 tamen
381 2665 406 2726 is
444 2665 591 2746 promisit
629 2664 726 2726 vitam
766 2677 796 2725 et
834 2663 1110 2725 conversationem
1141 2683 1231 2726 suam
1262 2664 1434 2726 emendare
1469 2677 1499 2726 et

236 2769 390 2851 primitias
413 2790 486 2831 suas
510 2784 710 2852 quantocyus
732 2769 799 2830 fieri
825 2769 940 2852 poterit
963 2782 994 2829 et
1017 2770 1201 2850 praesertim
1221 2770 1261 2831 ad
1278 2769 1500 2852 (dominicam)

236 2890 306 2958 post
330 2877 527 2938 nativitatem
551 2898 574 2938 s.
592 2877 724 2938 loannis
747 2876 923 2949 absolvere,
940 2894 975 2936 ac
996 2874 1065 2937 Deo
1090 2877 1298 2957 imposterum
1324 2875 1501 2937 studiosius

235 2983 363 3059 servire,
385 2982 458 3044 ideo
490 2981 568 3043 feria
598 2982 693 3043 tercia
728 2996 799 3064 post
831 2980 946 3042 festum
980 2979 1117 3042 Paschae
1150 3002 1187 3041 ex
1219 3001 1289 3042 arce
1322 2981 1499 3043 chasmensi

236 3089 367 3150 mandat
397 3089 548 3169 capitulo,
573 3103 606 3149 ut
638 3108 703 3149 non
731 3087 931 3148 obstantibus
964 3086 1126 3167 prioribus
1158 3087 1258 3167 ipsius
1282 3087 1405 3163 litteris,
1427 3106 1499 3168 pro·

236 3208 350 3255 ventus
374 3195 433 3276 ipsi
458 3195 521 3256 det.

341 3331 505 3385 Marcelovic'.
527 3333 652 3399 Regesta,
672 3341 805 3399 utsupra.

859 3565 920 3631 74.

342 3707 416 3756 hano
439 3707 513 3764 1510,
534 3707 575 3755 27.
594 3707 664 3758 maii.
685 3704 793 3756 Romae.

232 3835 338 3910 Julius
366 3835 407 3890 ll.
427 3841 517 3908 papa,
544 3834 630 3907 legem
654 3834 684 3889 in
707 3834 856 3889 carronicos
878 3833 963 3890 choro
985 3832 1111 3889 absentes
1133 3831 1316 3890 consn'euram
1338 3831 1499 3906 confirmat.

342 3973 445 4035 Julius
469 3973 647 4054 episcopus,
668 3991 776 4032 servus
800 3990 964 4032 servorum
990 3970 1052 4032 dei.
1077 3970 1126 4031 Ad
1152 3983 1339 4052 perpetuam
1364 3969 1408 4030 rei
1434 3989 1500 4031 me-

237 4080 383 4140 moriam.
423 4079 603 4138 iniunctum
643 4077 736 4138 nobis
774 4077 910 4158 desuper
944 4077 1118 4160 apostolice
1155 4075 1315 4137 servitutis
1346 4074 1500 4155 officium,

237 4200 377 4246 mentem
403 4199 541 4244 nostram
567 4183 681 4244 excitat
704 4196 734 4242 et
758 4182 890 4261 inducit,
910 4196 944 4244 ut
968 4184 1048 4244 circa
1066 4203 1113 4260 ea,
1131 4202 1187 4264 per
1203 4201 1266 4263 que
1283 4181 1500 4258 ecclesiarum,

237 4291 402 4372 presertim
435 4289 663 4351 cathedralium
692 4289 878 4369 insignium,
910 4290 1003 4350 statui
1029 4308 1182 4371 prospero
1207 4303 1236 4349 et
1262 4287 1345 4349 felici
1370 4307 1405 4347 ac
1430 4306 1500 4367 per-

236 4417 386 4458 sonarum
412 4397 442 4456 in
467 4396 531 4457 illis
554 4395 671 4456 divinis
694 4395 857 4474 obsequiis
881 4396 1132 4485 mancipatarum
1158 4407 1188 4455 et
1210 4393 1389 4454 animarum
1406 4391 1499 4453 saluti

238 4525 310 4567 cum
327 4504 426 4565 divini
445 4504 548 4565 cultus
564 4515 737 4583 augmento
754 4502 941 4577 consulitur,
964 4501 1046 4562 curis
1063 4519 1225 4560 versemur
1240 4497 1393 4574 assiduis;
1414 4497 1500 4559 unde

237 4610 307 4691 hiis,
325 4630 387 4692 que
403 4622 571 4692 propterea
588 4606 720 4689 provide
737 4605 882 4668 ordinata
898 4604 994 4667 luisse
1011 4605 1170 4682 dicuntur,
1188 4617 1221 4664 ut
1237 4602 1327 4664 firma
1343 4616 1500 4684 perpetuo

238 4730 268 4779 et
292 4719 478 4779 inconcussa
503 4726 719 4798 permaneant,
740 4732 813 4773 cum
838 4732 855 4773 a
879 4711 972 4773 nobis
996 4712 1123 4794 petitur,
1139 4709 1306 4791 apostolici
1331 4707 1500 4769 adiicimus

237 4824 425 4886 muniminis
448 4820 640 4896 firmitatem,
658 4819 799 4901 aliasque
817 4818 953 4900 desuper
969 4816 1186 4899 providemus,
1204 4828 1299 4896 prout
1316 4814 1347 4875 in
1365 4811 1499 4872 domino
