3472 5242
672 378 758 436 Adri:
782 379 860 439 Anu.
887 391 976 454 1593.
1002 389 1092 453 1397.
1429 394 1491 456 325

844 606 879 671 3.

335 796 410 846 Anno
432 796 508 848 1³93.
528 797 569 847 24.
590 796 720 847 octobris.
740 795 860 847 Posonii.

231 955 433 1029 St'gt'smrmdus
455 956 550 1029 flung
582 962 630 1015 etc.
654 974 709 1013 rex
725 956 865 1033 Jolranni
892 955 988 1013 comiti
1017 954 1199 1028 Frankapan
1230 953 1361 1023 mandat,
1388 960 1422 1010 ut
1453 970 1497 1010 oc-

379 1070 500 1136 cupatas
518 1072 575 1135 pro
593 1064 724 1136 portorio
746 1080 849 1120 merces
871 1063 975 1119 civium
999 1061 1118 1135 zagrub.
1139 1061 1208 1133 ipsis
1230 1056 1345 1118 reddat.

337 1199 562 1280 sigismundus
586 1201 637 1261 dei
661 1202 767 1282 gracia
798 1222 851 1263 rex
885 1200 1061 1280 Hungarie‚
1079 1199 1255 1278 Dalmacie,
1280 1198 1414 1261 Croacie
1439 1212 1497 1259 etc.

232 1303 441 1387 marchioque
476 1306 807 1388 Brandemburgensis
840 1321 898 1369 etc.
930 1305 1097 1367 Fidelibus
1131 1305 1197 1366 suis
1228 1305 1297 1366 viro
1329 1302 1498 1385 magnifico

231 1410 365 1472 domino
394 1412 532 1474 iohanni
557 1414 666 1475 comiti
702 1414 881 1493 Modrusse,
913 1413 1031 1495 Wegle
1064 1425 1122 1473 etc.
1156 1430 1393 1492 regnorumque
1429 1429 1499 1492 pre-

231 1515 390 1610 dictorum
414 1533 597 1581 nostrorum
622 1520 798 1599 Dalmacie,
823 1519 958 1582 Croacie
983 1533 1014 1581 et
1039 1517 1211 1580 Sclauonie
1245 1518 1329 1578 bano
1354 1516 1405 1578 vel
1430 1516 1499 1577 eius

231 1622 387 1687 vicebano
412 1644 448 1686 ac
471 1625 645 1687 castellano
668 1645 727 1687 suo
752 1625 792 1686 de
817 1625 935 1687 Medus
960 1625 1096 1686 salutem
1121 1636 1152 1684 et
1174 1623 1325 1703 graciam.
1349 1623 1397 1683 Ex
1422 1640 1498 1702 que·

231 1728 339 1791 rulosa
377 1729 617 1811 significacione
656 1731 802 1793 fidelium
841 1731 961 1792 civium
997 1743 1180 1814 nostrorum
1218 1729 1353 1790 civitatis
1392 1741 1499 1789 nostre

232 1835 350 1897 montis
375 1835 543 1899 Grecensis
567 1837 606 1898 de
631 1837 787 1918 Zagrabia
804 1837 897 1899 nobis
922 1835 1003 1899 facta
1020 1835 1231 1918 percepimus,
1255 1834 1422 1916 quomodo
1442 1853 1500 1894 vos

232 1960 353 2003 merces
376 1942 459 2004 dicte
483 1943 620 2004 civitatis
644 1957 751 2004 nostre
776 1962 813 2003 ex
838 1957 926 2025 parte
951 1943 1027 2004 dicti
1053 1941 1144 2003 castri
1169 1941 1268 2003 nostri
1287 1940 1393 2001 minus
1417 1939 1498 2019 juste

232 2060 262 2107 et
286 2047 428 2110 indebite
452 2069 508 2130 per
532 2048 799 2110 informacionem
824 2049 1041 2130 quorumdam
1074 2048 1243 2109 hominum
1268 2065 1425 2128 occupare
1450 2045 1498 2106 ni·

232 2153 380 2214 teremini
405 2167 435 2215 et
460 2155 584 2216 velletis
615 2155 660 2236 (in
686 2153 863 2236 dampnum
896 2153 938 2237 et)
962 2154 1176 2236 preiudicium
1208 2151 1301 2213 valde
1335 2171 1500 2233 magnum.

234 2258 337 2340 Super
361 2279 426 2340 quo
450 2259 595 2322 fidelitati
619 2273 723 2322 vestre
747 2259 840 2322 firmo
866 2261 956 2342 regio
981 2261 1095 2322 damus
1118 2261 1177 2321 sub
1203 2259 1319 2337 edicto,
1343 2272 1502 2340 quatenus

232 2366 328 2425 rebus
351 2366 395 2428 sic
420 2387 453 2428 se
478 2366 682 2445 habentibus,
708 2367 808 2428 dictas
844 2387 965 2428 merces
996 2366 1136 2449 predicte
1169 2379 1275 2426 nostre
1308 2365 1445 2426 civitatis
1468 2364 1500 2424 in

233 2471 325 2532 nullo
350 2472 506 2553 impedire
531 2484 562 2534 et
584 2492 741 2554 occupare
772 2473 827 2534 sed
853 2473 983 2534 easdem
1018 2472 1051 2534 in
1083 2472 1150 2533 suis
1175 2471 1340 2553 vigoribus
1364 2485 1395 2532 et
1418 2484 1501 2532 statu

233 2576 331 2657 priori
356 2578 455 2639 libere
480 2580 670 2661 permittatis
695 2623 833 2641 .....
834 2582 836 2587 ’
859 2593 889 2640 et
913 2579 1001 2640 aliud
1034 2579 1093 2639 sub
1112 2580 1247 2639 obtentu
1275 2591 1381 2638 nostre
1395 2577 1501 2658 gracie

234 2683 417 2745 nullatenus
442 2683 544 2746 facere
568 2685 723 2746 audeatis.
741 2686 780 2746 Et
804 2684 865 2746 hoc
890 2684 976 2745 idem
994 2684 1192 2764 injungimus
1209 2681 1323 2744 futuris
1341 2683 1500 2744 dictorum

234 2807 406 2869 regnorum
432 2804 613 2851 nostrorum
639 2790 730 2851 banis
748 2791 797 2852 vel
823 2791 986 2852 vicebanis
1002 2811 1038 2852 ac
1055 2790 1188 2873 predicti
1214 2789 1306 2866 castri
1323 2788 1502 2850 castellanis

235 2893 346 2956 dantes
369 2896 444 2977 ipsis
468 2896 628 2958 similibus
659 2897 754 2976 regiis
796 2898 855 2957 sub
886 2897 1053 2979 preceptis.
1079 2896 1198 2956 Datum
1233 2893 1389 2976 (Posonii)
1425 2893 1501 2955 feria

234 3013 321 3061 sexta
345 3002 489 3082 proxima
514 3017 585 3083 post
609 3000 724 3063 festum
754 3002 904 3064 undecim
936 3002 1075 3063 millium
1108 3001 1279 3081 virginum.
1311 3004 1408 3061 Anno
1440 3000 1498 3062 do·

235 3106 313 3167 mini
337 3107 511 3169 millesimo
535 3109 759 3170 tercentesimo
784 3107 995 3189 nonagesimo
1020 3107 1129 3168 tercio.

341 3237 477 3302 Originale
497 3238 522 3289 in
542 3240 639 3292 charta.
663 3240 685 3290 A
712 3246 790 3307 tergo
816 3239 975 3304 impressum
1000 3245 1041 3291 est
1073 3237 1198 3306 sigillum.
1219 3236 1248 3289 ln
1268 3238 1338 3288 arch.
1364 3239 1388 3289 d.
1409 3237 1501 3288 Levini

235 3326 343 3378 Horvat.
1088 3344 1090 3348 ·

850 3614 888 3678 4.

339 3803 413 3855 Anno
437 3807 510 3855 1397.
532 3806 573 3856 22.
596 3807 690 3858 martii.
710 3807 738 3857 ln
758 3805 938 3872 Somogywnr.

238 3949 441 4022 Sigisnmndus
464 3953 566 4025 Hung.
590 3961 641 4012 etc.
667 3973 720 4011 rex
740 3950 881 4010 nobilibus
896 3953 1037 4029 Johanm‘
1065 3959 1093 4008 et
1124 3933 1257 4008 Nicolao
1271 3951 1304 4007 de
1327 3952 1398 4010 Zeclr
1416 3959 1504 4022 prac—
1585 4005 1590 4013 ,

237 4057 312 4130 cpit,
337 4064 371 4112 ut
390 4059 450 4114 sinc
472 4077 553 4114 cnara
576 4059 736 4118 restituant
757 4059 961 4133 jobagrbnibus
989 4059 1115 4115 civitatis
1144 4059 1246 4115 morrtt's
1283 4056 1436 4114 Grecensis
1452 4051 1504 4131 36

551 4166 633 4222 boves
656 4173 685 4222 et
704 4180 724 4241 3
747 4183 841 4239 equos,
864 4183 935 4238 quos
957 4166 990 4221 vi
1010 4171 1185 4236 receperunt.

341 4301 567 4382 Sigismundus
591 4303 640 4364 dei
665 4304 772 4384 gracia
793 4323 848 4364 rex
873 4303 1050 4383 Hungarie‚
1083 4301 1259 4376 Dalmacie,
1284 4300 1420 4363 Croacie
1444 4313 1503 4361 etc.

239 4406 446 4488 marchioque
470 4408 801 4489 Brandemburgensis
825 4422 884 4469 etc.
910 4408 1077 4468 Fidelibus
1101 4407 1166 4467 suis
1182 4407 1341 4486 magistris
1365 4405 1502 4467 iohanni

238 4526 269 4573 et
292 4511 438 4592 Nicola0,
463 4512 537 4574 filiis
561 4514 686 4575 Nicolai
711 4514 750 4576 de
775 4513 870 4588 Zech,
885 4512 1020 4573 sulutem
1045 4526 1076 4572 et
1099 4512 1249 4593 graciam.
1270 4512 1394 4573 Dicitur
1411 4512 1505 4571 nobis

239 4618 271 4678 in
295 4619 441 4699 personis
464 4619 676 4700 providorum
701 4620 844 4681 virorum
873 4618 998 4698 judicis,
1023 4617 1200 4698 juratorum
1224 4631 1255 4678 et
1278 4617 1503 4677 universorum

239 4723 358 4785 civium
391 4738 575 4786 nostrorum
608 4725 648 4788 de
680 4725 846 4807 Zagrabia,
875 4724 1042 4806 quomodo
1073 4742 1131 4783 vos
1162 4723 1291 4804 triginta
1322 4742 1375 4782 sex
1408 4723 1507 4783 boves

238 4828 449 4912 jobagionum
475 4831 617 4913 ipsorum
643 4852 678 4893 ac
702 4844 765 4891 tres
788 4850 889 4912 equos
911 4829 1107 4911 recepissetis
1139 4842 1171 4890 et
1194 4829 1315 4891 eisdem
1340 4829 1509 4889 restituere
