3472 5242
659 330 733 392 Doc.
757 339 803 406 17.
834 364 867 374 -
891 329 1062 406 An.1503.
1457 355 1495 416 19

232 560 396 622 nobilibus
420 560 559 621 dominis
575 559 682 622 Blasio
707 558 746 620 de
771 559 855 621 dicta
878 560 1047 641 ngnwz,
1063 560 1187 623 sororio
1204 560 1354 623 videlicet
1373 580 1445 623 meo
1462 581 1498 624 ac

233 666 365 728 domina
390 665 589 748 Margaretha
613 665 792 727 conthorali
817 666 972 745 eiusdem,
989 686 1098 729 sorore
1122 667 1273 729 videlicet
1289 687 1361 729 mea
1378 668 1499 730 cumuli

233 785 264 835 et
284 772 427 854 providis
451 771 596 834 Iohanne
620 769 773 853 Brysych,
796 770 962 834 Anthonio
1000 772 1192 855 Jantholych
1216 773 1313 852 dicto,
1339 772 1498 856 Gregorio

233 877 385 961 Ferfrych
409 877 505 956 diem,
521 877 694 939 Valentino
719 875 895 959 Kezerych,
917 878 1005 939 Jelka
1031 897 1129 940 uxore
1156 877 1317 961 Gregorii,
1334 873 1444 942 Jelena
1468 892 1500 942 et

233 984 380 1065 Agnethe
404 984 541 1063 coniuge
557 983 684 1044 Nicolai
701 984 843 1065 Ztrwgar
867 983 899 1044 in
918 984 1002 1046 dicta
1020 985 1196 1066 Progowcz
1213 986 1499 1078 commorantibus⁵

233 1090 369 1171 aliisque
393 1109 490 1170 quam
514 1089 660 1172 pluribus
683 1088 724 1151 ad
748 1089 901 1171 premissa
924 1090 1044 1152 vocatis
1069 1103 1099 1152 et
1122 1091 1294 1171 requisitis.
1318 1094 1425 1172 Anno,
1446 1091 1499 1154 die

234 1210 265 1258 et
287 1197 372 1275 loco,
396 1196 514 1276 quibus
538 1215 644 1278 supra.
660 1231 702 1241 -
719 1195 797 1257 Item
823 1195 864 1258 ad
888 1196 1115 1258 executionem
1140 1197 1370 1278 premissorum
1398 1197 1500 1260 dictos

234 1303 403 1364 dominum
421 1301 564 1363 Blusium
588 1315 619 1363 et
643 1301 809 1363 dominam
829 1302 1063 1383 Margaretham
1081 1303 1113 1362 ln
1130 1303 1245 1365 maiori
1261 1322 1327 1366 non
1345 1303 1500 1386 impedi0,

233 1428 331 1490 quam
362 1408 451 1489 quod
483 1408 590 1470 solum
613 1420 775 1489 presentes
805 1407 846 1468 ad
870 1427 984 1468 manus
1009 1407 1170 1469 dictorum
1195 1408 1405 1471 dominorum
1428 1429 1498 1491 pre-

234 1514 463 1576 bendariorum
480 1513 554 1574 dare
566 1513 713 1593 debeant,
726 1513 921 1594 eosdemque
933 1513 1083 1575 dominos
1095 1513 1325 1595 prebendarios
1338 1517 1499 1579 constituo

235 1632 420 1682 executores
444 1619 476 1680 in
500 1619 674 1701 premissis.

340 1742 597 1808 (ludorsatmm)
624 1739 691 1792 Item
705 1755 763 1792 cum
776 1746 802 1793 et
817 1743 920 1807 quaudo
935 1742 1033 1793 nobilis
1051 1742 1178 1808 magister
1188 1742 1314 1795 Nicolaus
1330 1745 1499 1811 Crayachych

235 1832 397 1884 baccaiarius
423 1833 456 1883 de
481 1831 610 1897 Kamarya
636 1832 668 1882 ab
695 1832 742 1881 bac
770 1831 825 1882 vita
844 1831 975 1896 migravit,
995 1836 1092 1882 eotunc
1116 1831 1210 1883 luimus
1239 1826 1451 1885 slue'dlvisione
1472 1839 1499 1887 et

234 1921 371 1973 habuimus
392 1923 423 1971 de
443 1922 537 1972 rebus:
557 1921 650 1985 primo,
665 1934 748 1985 equos
766 1920 878 1970 sellatos
899 1920 1022 1985 quinque,
1042 1934 1126 1985 equos
1146 1935 1210 1972 vero
1230 1925 1345 1973 aratrum
1364 1923 1499 1975 trahentes

234 2006 306 2075 VIII,
319 2024 434 2075 peccora
451 2011 519 2061 bene
540 2009 565 2060 in
580 2023 687 2060 numero
703 2010 734 2058 ad
748 2004 867 2073 XXVIII,
878 2023 976 2072 porcos
990 2022 1047 2059 cum
1061 2007 1182 2073 scrophis
1196 2009 1273 2061 simul
1286 2011 1319 2061 ad
1331 2007 1501 2089 LXXXVIII,

236 2099 325 2165 fruges
346 2102 377 2151 ad
397 2098 518 2164 capecIas
534 2099 605 2151 CCC.
620 2095 686 2149 Item
705 2100 737 2148 ad
756 2098 843 2148 vinum
863 2098 1000 2148 emendum
1019 2095 1074 2148 dati
1093 2102 1167 2148 erant
1186 2097 1279 2149 floreui
1298 2095 1354 2164 LX,
1368 2114 1434 2151 vasa
1447 2098 1500 2150 viui

234 2185 282 2254 III,
302 2189 372 2253 ciphi
398 2188 516 2253 argentei
542 2183 603 2251 IIII,
624 2186 756 2238 coclearia
781 2190 908 2250 argentea
926 2182 998 2239 XIII.
1019 2187 1115 2251 Agnus
1145 2186 1187 2238 dei
1208 2191 1234 2237 et
1254 2200 1345 2239 cruces
1364 2202 1446 2252 parve
1468 2189 1501 2239 ad

234 2278 429 2330 conservandas
449 2276 575 2341 reliquias
589 2277 621 2326 de
641 2279 752 2341 argento
771 2271 829 2338 VII,
842 2276 907 2325 sube
927 2271 953 2326 II
974 2275 1093 2326 ventrine
1113 2279 1242 2340 cooperte
1262 2290 1319 2327 cum
1342 2276 1500 2343 chemeleth,

235 2366 319 2417 tercia
343 2366 427 2416 eciam
451 2366 484 2416 de
509 2364 663 2428 chemeieth‚
690 2364 818 2415 subducta
842 2363 957 2427 pellibus
983 2364 1147 2429 marturinis,
1176 2369 1268 2429 quarta
1294 2366 1360 2416 suba
1385 2366 1500 2417 dorsina.

237 2454 302 2505 Item
321 2459 387 2519 toga
406 2456 437 2505 de
457 2454 571 2505 scarleth
593 2451 612 2505 I.
626 2453 690 2504 Item
712 2452 910 2516 suppellectilia
928 2453 997 2516 wigo
1017 2454 1119 2516 poplon
1138 2454 1171 2504 de
1190 2454 1320 2518 thaphota
1342 2469 1410 2507 nova
1428 2453 1462 2508 II.
1476 2460 1503 2508 et

236 2544 269 2594 de
291 2544 373 2608 bysso
389 2540 423 2595 II.
443 2541 562 2607 Tapetha
581 2538 614 2605 II,
629 2542 739 2592 scutelle
768 2541 890 2605 plumbee
910 2537 971 2605 XII,
986 2541 1052 2592 disci
1073 2543 1189 2606 plumbei
1208 2540 1267 2595 XII.
1293 2542 1357 2595 Item
1377 2544 1500 2595 baltheus

236 2645 293 2682 cum
313 2636 424 2695 argento
445 2630 601 2694 dispositus,
621 2644 697 2694 quem
716 2630 869 2680 bwzarones
889 2630 977 2680 solent
1002 2630 1080 2693 ferre,
1099 2631 1191 2681 valens
1211 2631 1266 2682 hor.
1284 2628 1342 2685 XII.
1361 2628 1429 2684 Item
1448 2634 1500 2684 cle·

236 2719 316 2770 nodia
335 2721 428 2770 domus
454 2719 541 2769 amula
560 2722 586 2769 et
612 2717 723 2782 singula.
744 2715 810 2768 Item
835 2717 934 2768 abillo
961 2732 1037 2782 anno,
1058 2733 1110 2782 quo
1136 2719 1220 2769 dIctus
1240 2719 1405 2771 baccalarIus
1423 2721 1502 2786 obiit,

238 2809 334 2859 nullum
360 2812 516 2872 proventum
540 2808 572 2857 de
597 2805 674 2857 bonis
702 2806 768 2856 meis
794 2806 819 2856 iu
845 2804 974 2870 Kamarya
1002 2811 1029 2857 et
1054 2806 1226 2870 pertinencits
1252 2808 1371 2859 eiusdem
1399 2808 1498 2861 habitis

238 2896 337 2961 recepi,
357 2896 435 2947 immo
462 2910 509 2946 nec
528 2909 607 2946 ausus
628 2894 663 2945 lui
683 2895 715 2944 ad
735 2894 796 2945 illas
816 2899 905 2958 partes
925 2894 964 2944 ite
983 2899 1091 2958 propter
1110 2895 1193 2946 minas
1214 2894 1310 2947 biathle
1329 2896 1378 2948 viri
1398 2897 1502 2949 scillcet

238 2985 319 3050 glotis
340 2998 407 3035 mee.
421 2981 488 3035 Item
507 2984 590 3035 eciam
610 2984 643 3033 de
656 2981 802 3046 Rogoadna
822 2987 946 3047 quantum
971 2983 1089 3047 precium
1109 2997 1167 3035 cum
1186 2983 1346 3048 agricultura
1365 2985 1502 3049 acquirere

238 3071 385 3137 potuissem
404 3071 590 3136 potencialiter
610 3069 710 3134 recepit
730 3075 756 3121 ut
777 3076 803 3121 et
822 3072 872 3121 boc
892 3086 959 3122 anno
979 3071 1048 3123 eirea
1066 3069 1108 3120 XL
1128 3073 1238 3122 cubulos
1258 3070 1359 3136 recepit
1379 3071 1502 3137 potencia

238 3160 377 3215 mediante.

343 3249 525 3315 'transumpta
545 3252 692 3300 auscultata
712 3254 738 3300 et
752 3245 925 3299 collationata
938 3261 986 3311 per
999 3262 1039 3297 me
1050 3248 1194 3313 Johannem
1208 3246 1344 3300 Benedicti
1360 3249 1393 3298 de
1406 3248 1500 3313 Pades,

239 3339 362 3390 clerIcum
388 3337 569 3404 zagrabiensis
595 3336 719 3399 diocesis,
739 3351 815 3388 sacra
837 3333 969 3400 imperiali
989 3333 1147 3387 auctoritate
1171 3333 1301 3386 notarium
1321 3335 1453 3400 pubiicum
1474 3341 1501 3387 et

243 3430 387 3480 concordat
406 3443 464 3478 cunt
484 3442 533 3478 suo
553 3426 676 3492 originali
695 3441 742 3491 per
761 3423 856 3477 omnia.
1018 3463 1034 3496 ,

345 3568 480 3635 Originale
507 3567 533 3620 in
559 3570 648 3619 charta
674 3565 797 3632 simplici.
816 3568 847 3617 In
873 3564 970 3618 archiv.
989 3566 1118 3616 honorab.
1142 3566 1237 3629 colleg.
1265 3565 1410 3618 Praebend.
1438 3566 1502 3617 eccl.

239 3659 345 3723 zagrab.

843 3850 898 3918 17.

343 4008 417 4060 Anno
437 4007 514 4072 1503,
537 4006 689 4060 lanianti.
711 3993 828 4059 Casmae.

239 4153 378 4211 Mattheus
393 4155 513 4210 Horvat
527 4153 663 4229 Gjuritit
671 4162 795 4212 testatur
804 4154 921 4229 Lucum,
935 4155 1092 4227 epsicopum
1104 4153 1332 4232 tagrabiensem,
1341 4151 1502 4230 2479flor.

241 4278 259 4314 a
290 4259 418 4317 osvaldo
440 4262 567 4333 episcopo
589 4258 631 4315 ad
658 4262 803 4319 ecclesiam
834 4260 1024 4317 cathedralem
1046 4258 1253 4317 restituendam
1276 4260 1392 4332 legatos,
1413 4259 1503 4333 jussu

239 4368 316 4439 regis
338 4366 395 4423 sibi
425 4385 588 4424 numerasse
609 4384 699 4439 euque
721 4367 886 4440 conditrbne,
911 4374 945 4423 ut
965 4367 1095 4444 pecunia
1118 4365 1161 4421 ad
1184 4372 1309 4422 castrum
1325 4364 1417 4441 Jajce
1439 4381 1503 4421 con-

684 4472 857 4530 servandum
880 4472 1070 4532 adhiberetur.

347 4611 415 4691 Ego
449 4610 595 4672 Matheus
619 4604 775 4673 Horu-’ath
811 4609 1015 4694 Gywrysyth,
1039 4610 1161 4672 aulicus
1192 4609 1308 4691 regius,
1342 4606 1444 4669 fateor
1474 4620 1505 4667 et

241 4735 436 4798 recognosco
461 4736 517 4797 per
540 4729 711 4798 presentes,
729 4716 817 4797 quod
834 4716 898 4778 iam
915 4717 990 4778 bina
1007 4716 1075 4777 vice
1093 4716 1208 4776 missus
1223 4734 1294 4775 sum
1311 4733 1367 4795 per
1383 4713 1504 4794 regiam

243 4823 441 4884 Maiestatem
465 4823 505 4885 ad
522 4823 823 4884 reverendissimum
841 4822 1010 4884 dominum
1028 4822 1149 4883 Lucam
1165 4820 1353 4902 episcopum
1370 4819 1504 4881 ecclesie

1386 4919 1401 4948 t
