<?xml version="1.0" encoding="UTF-8"?>
<!DOCTYPE html PUBLIC "-//W3C//DTD XHTML 1.0 Transitional//EN"
    "http://www.w3.org/TR/xhtml1/DTD/xhtml1-transitional.dtd">
<html xmlns="http://www.w3.org/1999/xhtml" xml:lang="en" lang="en">
 <head>
  <title>
</title>
<meta http-equiv="Content-Type" content="text/html;charset=utf-8" />
  <meta name='ocr-system' content='tesseract 3.04.00' />
  <meta name='ocr-capabilities' content='ocr_page ocr_carea ocr_par ocr_line ocrx_word'/>
</head>
<body>
  <div class='ocr_page' id='page_1' title='image "./monumentahistor12laszgoog_0307.png"; bbox 0 0 3472 5242; ppageno 0'>
   <div class='ocr_carea' id='block_1_1' title="bbox 243 325 1082 410">
    <p class='ocr_par' dir='ltr' id='par_1_1' title="bbox 243 325 1082 410">
     <span class='ocr_line' id='line_1_1' title="bbox 243 325 1082 410; baseline 0.005 -24"><span class='ocrx_word' id='word_1_1' title='bbox 243 326 301 410; x_wconf 84' lang='lat'>176</span> <span class='ocrx_word' id='word_1_2' title='bbox 648 328 723 389; x_wconf 86' lang='lat' dir='ltr'>Doc.</span> <span class='ocrx_word' id='word_1_3' title='bbox 750 338 816 404; x_wconf 73' lang='lat'><em>137.</em></span> <span class='ocrx_word' id='word_1_4' title='bbox 843 362 883 371; x_wconf 92' lang='lat'>-</span> <span class='ocrx_word' id='word_1_5' title='bbox 908 329 966 390; x_wconf 83' lang='lat' dir='ltr'>An.</span> <span class='ocrx_word' id='word_1_6' title='bbox 991 325 1082 404; x_wconf 81' lang='lat'><em>1518.</em></span> 
     </span>
    </p>
   </div>
   <div class='ocr_carea' id='block_1_2' title="bbox 236 553 1521 1908">
    <p class='ocr_par' dir='ltr' id='par_1_2' title="bbox 236 553 1521 1908">
     <span class='ocr_line' id='line_1_2' title="bbox 238 553 1521 644; baseline 0.005 -29"><span class='ocrx_word' id='word_1_7' title='bbox 238 553 368 633; x_wconf 88' lang='lat' dir='ltr'>Matbie,</span> <span class='ocrx_word' id='word_1_8' title='bbox 393 553 445 616; x_wconf 93' lang='lat' dir='ltr'>dei</span> <span class='ocrx_word' id='word_1_9' title='bbox 469 554 575 634; x_wconf 89' lang='lat' dir='ltr'>gracia</span> <span class='ocrx_word' id='word_1_10' title='bbox 599 554 683 637; x_wconf 88' lang='lat' dir='ltr'>regis</span> <span class='ocrx_word' id='word_1_11' title='bbox 715 554 891 636; x_wconf 90' lang='lat' dir='ltr'>Hungarie,</span> <span class='ocrx_word' id='word_1_12' title='bbox 927 554 1082 618; x_wconf 87' lang='lat' dir='ltr'>Bnhemie</span> <span class='ocrx_word' id='word_1_13' title='bbox 1115 569 1174 618; x_wconf 86' lang='lat' dir='ltr'>etc.</span> <span class='ocrx_word' id='word_1_14' title='bbox 1207 558 1521 644; x_wconf 89' lang='lat' dir='ltr'>prorogatoriarum</span> 
     </span>
     <span class='ocr_line' id='line_1_3' title="bbox 237 659 1506 746; baseline 0.004 -24"><span class='ocrx_word' id='word_1_15' title='bbox 237 672 268 722; x_wconf 89' lang='lat' dir='ltr'>et</span> <span class='ocrx_word' id='word_1_16' title='bbox 291 659 422 742; x_wconf 88' lang='lat' dir='ltr'>capituli</span> <span class='ocrx_word' id='word_1_17' title='bbox 444 659 578 722; x_wconf 77' lang='lat' dir='ltr'>ecclesie</span> <span class='ocrx_word' id='word_1_18' title='bbox 603 660 742 722; x_wconf 81' lang='lat' dir='ltr'>albensis</span> <span class='ocrx_word' id='word_1_19' title='bbox 766 659 1071 723; x_wconf 91' lang='lat' dir='ltr'>introductoriarum</span> <span class='ocrx_word' id='word_1_20' title='bbox 1096 675 1127 724; x_wconf 94' lang='lat' dir='ltr'>et</span> <span class='ocrx_word' id='word_1_21' title='bbox 1150 663 1390 725; x_wconf 85' lang='lat' dir='ltr'>statutoriarum</span> <span class='ocrx_word' id='word_1_22' title='bbox 1407 684 1506 746; x_wconf 91' lang='lat' dir='ltr'>super</span> 
     </span>
     <span class='ocr_line' id='line_1_4' title="bbox 238 764 1507 853; baseline 0.004 -27"><span class='ocrx_word' id='word_1_23' title='bbox 238 764 322 829; x_wconf 83' lang='lat' dir='ltr'>facto</span> <span class='ocrx_word' id='word_1_24' title='bbox 357 764 636 845; x_wconf 89' lang='lat' dir='ltr'>contradiccionis,</span> <span class='ocrx_word' id='word_1_25' title='bbox 672 765 859 827; x_wconf 87' lang='lat' dir='ltr'>statucionis</span> <span class='ocrx_word' id='word_1_26' title='bbox 890 765 1049 828; x_wconf 90' lang='lat' dir='ltr'>dictarum</span> <span class='ocrx_word' id='word_1_27' title='bbox 1084 768 1324 848; x_wconf 89' lang='lat' dir='ltr'>possessionum</span> <span class='ocrx_word' id='word_1_28' title='bbox 1361 768 1507 853; x_wconf 85' lang='lat' dir='ltr'>Dedych‚</span> 
     </span>
     <span class='ocr_line' id='line_1_5' title="bbox 238 870 1508 963; baseline 0.002 -29"><span class='ocrx_word' id='word_1_29' title='bbox 238 870 487 951; x_wconf 88' lang='lat' dir='ltr'>Chemomercz,</span> <span class='ocrx_word' id='word_1_30' title='bbox 519 870 644 954; x_wconf 81' lang='lat' dir='ltr'>Rythek</span> <span class='ocrx_word' id='word_1_31' title='bbox 668 884 700 932; x_wconf 92' lang='lat' dir='ltr'>et</span> <span class='ocrx_word' id='word_1_32' title='bbox 731 873 856 933; x_wconf 86' lang='lat' dir='ltr'>Nowak</span> <span class='ocrx_word' id='word_1_33' title='bbox 887 884 1084 951; x_wconf 89' lang='lat' dir='ltr'>vocatarum,</span> <span class='ocrx_word' id='word_1_34' title='bbox 1115 873 1261 955; x_wconf 91' lang='lat' dir='ltr'>omnino</span> <span class='ocrx_word' id='word_1_35' title='bbox 1283 875 1314 935; x_wconf 90' lang='lat' dir='ltr'>in</span> <span class='ocrx_word' id='word_1_36' title='bbox 1347 875 1508 963; x_wconf 93' lang='lat' dir='ltr'>territorio</span> 
     </span>
     <span class='ocr_line' id='line_1_6' title="bbox 238 976 1506 1062; baseline 0.003 -24"><span class='ocrx_word' id='word_1_37' title='bbox 238 977 321 1041; x_wconf 90' lang='lat' dir='ltr'>dicte</span> <span class='ocrx_word' id='word_1_38' title='bbox 345 978 481 1041; x_wconf 89' lang='lat' dir='ltr'>civitatis</span> <span class='ocrx_word' id='word_1_39' title='bbox 506 977 727 1056; x_wconf 83' lang='lat' dir='ltr'>existencium,</span> <span class='ocrx_word' id='word_1_40' title='bbox 749 997 785 1039; x_wconf 93' lang='lat' dir='ltr'>ac</span> <span class='ocrx_word' id='word_1_41' title='bbox 817 976 984 1039; x_wconf 91' lang='lat' dir='ltr'>cuiusdam</span> <span class='ocrx_word' id='word_1_42' title='bbox 1018 978 1092 1040; x_wconf 91' lang='lat' dir='ltr'>vadi</span> <span class='ocrx_word' id='word_1_43' title='bbox 1125 979 1291 1062; x_wconf 89' lang='lat' dir='ltr'>Kyralrew</span> <span class='ocrx_word' id='word_1_44' title='bbox 1323 981 1439 1060; x_wconf 88' lang='lat' dir='ltr'>vocati,</span> <span class='ocrx_word' id='word_1_45' title='bbox 1474 981 1506 1042; x_wconf 92' lang='lat' dir='ltr'>in</span> 
     </span>
     <span class='ocr_line' id='line_1_7' title="bbox 237 1082 1505 1167; baseline 0.002 -21"><span class='ocrx_word' id='word_1_46' title='bbox 237 1083 336 1146; x_wconf 90' lang='lat' dir='ltr'>fluvio</span> <span class='ocrx_word' id='word_1_47' title='bbox 361 1084 456 1146; x_wconf 88' lang='lat' dir='ltr'>Zawe</span> <span class='ocrx_word' id='word_1_48' title='bbox 480 1083 592 1162; x_wconf 91' lang='lat' dir='ltr'>habiti,</span> <span class='ocrx_word' id='word_1_49' title='bbox 616 1103 652 1144; x_wconf 91' lang='lat' dir='ltr'>ac</span> <span class='ocrx_word' id='word_1_50' title='bbox 675 1082 753 1164; x_wconf 79' lang='lat' dir='ltr'>juris</span> <span class='ocrx_word' id='word_1_51' title='bbox 776 1083 856 1165; x_wconf 91' lang='lat' dir='ltr'>regii</span> <span class='ocrx_word' id='word_1_52' title='bbox 880 1083 913 1144; x_wconf 91' lang='lat' dir='ltr'>in</span> <span class='ocrx_word' id='word_1_53' title='bbox 937 1083 1082 1145; x_wconf 89' lang='lat' dir='ltr'>eiusdem</span> <span class='ocrx_word' id='word_1_54' title='bbox 1106 1083 1217 1163; x_wconf 90' lang='lat' dir='ltr'>habiti,</span> <span class='ocrx_word' id='word_1_55' title='bbox 1250 1084 1390 1167; x_wconf 86' lang='lat' dir='ltr'>prefatos</span> <span class='ocrx_word' id='word_1_56' title='bbox 1422 1085 1505 1167; x_wconf 89' lang='lat' dir='ltr'>judi·</span> 
     </span>
     <span class='ocr_line' id='line_1_8' title="bbox 238 1188 1505 1271; baseline 0.002 -19"><span class='ocrx_word' id='word_1_57' title='bbox 238 1209 319 1270; x_wconf 93' lang='lat' dir='ltr'>cem,</span> <span class='ocrx_word' id='word_1_58' title='bbox 343 1189 474 1270; x_wconf 85' lang='lat' dir='ltr'>juratos,</span> <span class='ocrx_word' id='word_1_59' title='bbox 498 1202 686 1270; x_wconf 91' lang='lat' dir='ltr'>ceterosque</span> <span class='ocrx_word' id='word_1_60' title='bbox 711 1189 796 1251; x_wconf 89' lang='lat' dir='ltr'>cives</span> <span class='ocrx_word' id='word_1_61' title='bbox 819 1188 902 1251; x_wconf 90' lang='lat' dir='ltr'>dicte</span> <span class='ocrx_word' id='word_1_62' title='bbox 919 1189 1056 1251; x_wconf 89' lang='lat' dir='ltr'>civitatis</span> <span class='ocrx_word' id='word_1_63' title='bbox 1079 1190 1198 1252; x_wconf 92' lang='lat' dir='ltr'>montis</span> <span class='ocrx_word' id='word_1_64' title='bbox 1222 1189 1400 1271; x_wconf 89' lang='lat' dir='ltr'>Grecensis,</span> <span class='ocrx_word' id='word_1_65' title='bbox 1426 1193 1505 1254; x_wconf 88' lang='lat' dir='ltr'>iuris</span> 
     </span>
     <span class='ocr_line' id='line_1_9' title="bbox 236 1294 1505 1379; baseline 0.002 -23"><span class='ocrx_word' id='word_1_66' title='bbox 236 1295 314 1377; x_wconf 91' lang='lat' dir='ltr'>regii</span> <span class='ocrx_word' id='word_1_67' title='bbox 339 1309 370 1358; x_wconf 93' lang='lat' dir='ltr'>et</span> <span class='ocrx_word' id='word_1_68' title='bbox 393 1295 458 1357; x_wconf 92' lang='lat' dir='ltr'>alio</span> <span class='ocrx_word' id='word_1_69' title='bbox 482 1295 599 1377; x_wconf 89' lang='lat' dir='ltr'>quovis</span> <span class='ocrx_word' id='word_1_70' title='bbox 622 1294 700 1376; x_wconf 79' lang='lat' dir='ltr'>juris</span> <span class='ocrx_word' id='word_1_71' title='bbox 738 1294 833 1357; x_wconf 85' lang='lat' dir='ltr'>titulo</span> <span class='ocrx_word' id='word_1_72' title='bbox 872 1307 1095 1375; x_wconf 89' lang='lat' dir='ltr'>concernente,</span> <span class='ocrx_word' id='word_1_73' title='bbox 1138 1297 1307 1377; x_wconf 91' lang='lat' dir='ltr'>contentis,</span> <span class='ocrx_word' id='word_1_74' title='bbox 1347 1298 1505 1379; x_wconf 84' lang='lat' dir='ltr'>legittime</span> 
     </span>
     <span class='ocr_line' id='line_1_10' title="bbox 237 1401 1504 1485; baseline 0.002 -22"><span class='ocrx_word' id='word_1_75' title='bbox 237 1414 390 1464; x_wconf 90' lang='lat' dir='ltr'>evocatus</span> <span class='ocrx_word' id='word_1_76' title='bbox 413 1414 556 1463; x_wconf 88' lang='lat' dir='ltr'>nostram</span> <span class='ocrx_word' id='word_1_77' title='bbox 581 1401 613 1463; x_wconf 92' lang='lat' dir='ltr'>in</span> <span class='ocrx_word' id='word_1_78' title='bbox 637 1401 834 1483; x_wconf 87' lang='lat' dir='ltr'>presenciam</span> <span class='ocrx_word' id='word_1_79' title='bbox 859 1421 925 1463; x_wconf 91' lang='lat' dir='ltr'>non</span> <span class='ocrx_word' id='word_1_80' title='bbox 949 1401 1037 1463; x_wconf 84' lang='lat' dir='ltr'>venit</span> <span class='ocrx_word' id='word_1_81' title='bbox 1060 1421 1165 1483; x_wconf 90' lang='lat' dir='ltr'>neque</span> <span class='ocrx_word' id='word_1_82' title='bbox 1183 1403 1279 1482; x_wconf 86' lang='lat' dir='ltr'>misit,</span> <span class='ocrx_word' id='word_1_83' title='bbox 1297 1402 1382 1465; x_wconf 90' lang='lat' dir='ltr'>unde</span> <span class='ocrx_word' id='word_1_84' title='bbox 1400 1403 1504 1485; x_wconf 90' lang='lat' dir='ltr'>ipsum</span> 
     </span>
     <span class='ocr_line' id='line_1_11' title="bbox 238 1506 1505 1589; baseline 0.002 -21"><span class='ocrx_word' id='word_1_85' title='bbox 238 1507 270 1568; x_wconf 91' lang='lat' dir='ltr'>in</span> <span class='ocrx_word' id='word_1_86' title='bbox 311 1506 431 1589; x_wconf 77' lang='lat' dir='ltr'>judicio</span> <span class='ocrx_word' id='word_1_87' title='bbox 463 1507 684 1569; x_wconf 78' lang='lat' dir='ltr'>commisimus</span> <span class='ocrx_word' id='word_1_88' title='bbox 715 1506 783 1569; x_wconf 87' lang='lat' dir='ltr'>fore</span> <span class='ocrx_word' id='word_1_89' title='bbox 826 1507 1020 1587; x_wconf 89' lang='lat' dir='ltr'>convictum,</span> <span class='ocrx_word' id='word_1_90' title='bbox 1050 1507 1077 1568; x_wconf 92' lang='lat' dir='ltr'>si</span> <span class='ocrx_word' id='word_1_91' title='bbox 1108 1528 1141 1569; x_wconf 90' lang='lat' dir='ltr'>se</span> <span class='ocrx_word' id='word_1_92' title='bbox 1172 1508 1409 1570; x_wconf 77' lang='lat' dir='ltr'>racionabiliter</span> <span class='ocrx_word' id='word_1_93' title='bbox 1439 1528 1505 1570; x_wconf 92' lang='lat' dir='ltr'>non</span> 
     </span>
     <span class='ocr_line' id='line_1_12' title="bbox 236 1612 1505 1694; baseline 0.001 -20"><span class='ocrx_word' id='word_1_94' title='bbox 236 1613 353 1694; x_wconf 89' lang='lat' dir='ltr'>poterit</span> <span class='ocrx_word' id='word_1_95' title='bbox 376 1631 535 1675; x_wconf 85' lang='lat' dir='ltr'>excusare.</span> <span class='ocrx_word' id='word_1_96' title='bbox 568 1612 734 1675; x_wconf 77' lang='lat' dir='ltr'>presentes</span> <span class='ocrx_word' id='word_1_97' title='bbox 757 1624 865 1678; x_wconf 88' lang='lat' dir='ltr'>autem</span> <span class='ocrx_word' id='word_1_98' title='bbox 890 1612 1004 1693; x_wconf 81' lang='lat' dir='ltr'>sigillis</span> <span class='ocrx_word' id='word_1_99' title='bbox 1035 1614 1237 1694; x_wconf 91' lang='lat' dir='ltr'>egregiorum</span> <span class='ocrx_word' id='word_1_100' title='bbox 1269 1613 1434 1676; x_wconf 89' lang='lat' dir='ltr'>Balthasar</span> <span class='ocrx_word' id='word_1_101' title='bbox 1465 1614 1505 1675; x_wconf 93' lang='lat' dir='ltr'>de</span> 
     </span>
     <span class='ocr_line' id='line_1_13' title="bbox 237 1717 1504 1802; baseline 0.001 -22"><span class='ocrx_word' id='word_1_102' title='bbox 237 1718 383 1802; x_wconf 90' lang='lat' dir='ltr'>Bathyan</span> <span class='ocrx_word' id='word_1_103' title='bbox 407 1732 439 1782; x_wconf 94' lang='lat' dir='ltr'>et</span> <span class='ocrx_word' id='word_1_104' title='bbox 469 1718 600 1780; x_wconf 89' lang='lat' dir='ltr'>alterius</span> <span class='ocrx_word' id='word_1_105' title='bbox 632 1717 798 1779; x_wconf 80' lang='lat' dir='ltr'>balthasar</span> <span class='ocrx_word' id='word_1_106' title='bbox 829 1717 869 1780; x_wconf 93' lang='lat' dir='ltr'>de</span> <span class='ocrx_word' id='word_1_107' title='bbox 901 1717 995 1799; x_wconf 81' lang='lat' dir='ltr'>Alap,</span> <span class='ocrx_word' id='word_1_108' title='bbox 1026 1719 1255 1781; x_wconf 89' lang='lat' dir='ltr'>vicebanorum</span> <span class='ocrx_word' id='word_1_109' title='bbox 1289 1733 1319 1781; x_wconf 92' lang='lat' dir='ltr'>et</span> <span class='ocrx_word' id='word_1_110' title='bbox 1350 1721 1504 1782; x_wconf 91' lang='lat' dir='ltr'>comitum</span> 
     </span>
     <span class='ocr_line' id='line_1_14' title="bbox 236 1822 1505 1908; baseline 0.002 -23"><span class='ocrx_word' id='word_1_111' title='bbox 236 1837 419 1887; x_wconf 91' lang='lat' dir='ltr'>nostrorum</span> <span class='ocrx_word' id='word_1_112' title='bbox 432 1824 699 1906; x_wconf 87' lang='lat' dir='ltr'>zagrabiensium,</span> <span class='ocrx_word' id='word_1_113' title='bbox 709 1822 843 1885; x_wconf 85' lang='lat' dir='ltr'>fecimus</span> <span class='ocrx_word' id='word_1_114' title='bbox 859 1823 1051 1903; x_wconf 91' lang='lat' dir='ltr'>consignari.</span> <span class='ocrx_word' id='word_1_115' title='bbox 1064 1823 1182 1886; x_wconf 92' lang='lat' dir='ltr'>Datum</span> <span class='ocrx_word' id='word_1_116' title='bbox 1196 1825 1352 1906; x_wconf 86' lang='lat' dir='ltr'>Zagrabi&#39;e</span> <span class='ocrx_word' id='word_1_117' title='bbox 1367 1826 1505 1908; x_wconf 91' lang='lat' dir='ltr'>septimo</span> 
     </span>
    </p>
   </div>
   <div class='ocr_carea' id='block_1_3' title="bbox 137 1928 1504 2012">
    <p class='ocr_par' dir='ltr' id='par_1_3' title="bbox 137 1928 1504 2012">
     <span class='ocr_line' id='line_1_15' title="bbox 137 1928 1504 2012; baseline 0.006 -27"><span class='ocrx_word' id='word_1_118' title='bbox 137 1975 141 1985; x_wconf 92' lang='lat'>.</span> <span class='ocrx_word' id='word_1_119' title='bbox 236 1929 288 1992; x_wconf 92' lang='lat' dir='ltr'>die</span> <span class='ocrx_word' id='word_1_120' title='bbox 311 1931 440 1992; x_wconf 88' lang='lat' dir='ltr'>termini</span> <span class='ocrx_word' id='word_1_121' title='bbox 464 1930 633 2012; x_wconf 87' lang='lat' dir='ltr'>prenotati.</span> <span class='ocrx_word' id='word_1_122' title='bbox 666 1933 763 1991; x_wconf 84' lang='lat' dir='ltr'>Anno</span> <span class='ocrx_word' id='word_1_123' title='bbox 796 1929 920 1990; x_wconf 92' lang='lat' dir='ltr'>domini</span> <span class='ocrx_word' id='word_1_124' title='bbox 953 1928 1128 1991; x_wconf 87' lang='lat' dir='ltr'>millesimo</span> <span class='ocrx_word' id='word_1_125' title='bbox 1160 1931 1418 2011; x_wconf 91' lang='lat' dir='ltr'>quingentesimo</span> <span class='ocrx_word' id='word_1_126' title='bbox 1450 1931 1504 1993; x_wconf 91' lang='lat' dir='ltr'>de·</span> 
     </span>
    </p>
   </div>
   <div class='ocr_carea' id='block_1_4' title="bbox 235 2036 1505 2751">
    <p class='ocr_par' dir='ltr' id='par_1_4' title="bbox 236 2036 493 2118">
     <span class='ocr_line' id='line_1_16' title="bbox 236 2036 493 2118; baseline 0.004 -21"><span class='ocrx_word' id='word_1_127' title='bbox 236 2037 321 2098; x_wconf 90' lang='lat' dir='ltr'>cimo</span> <span class='ocrx_word' id='word_1_128' title='bbox 345 2036 493 2118; x_wconf 83' lang='lat' dir='ltr'>septimo,</span> 
     </span>
    </p>

    <p class='ocr_par' dir='ltr' id='par_1_5' title="bbox 235 2138 1505 2751">
     <span class='ocr_line' id='line_1_17' title="bbox 342 2138 1505 2223; baseline 0.003 -22"><span class='ocrx_word' id='word_1_129' title='bbox 342 2143 373 2201; x_wconf 68' lang='grc' dir='ltr'>(Α</span> <span class='ocrx_word' id='word_1_130' title='bbox 393 2141 492 2206; x_wconf 79' lang='lat' dir='ltr'>tergo.)</span> <span class='ocrx_word' id='word_1_131' title='bbox 515 2141 575 2202; x_wconf 86' lang='lat' dir='ltr'>Pro</span> <span class='ocrx_word' id='word_1_132' title='bbox 604 2140 841 2221; x_wconf 89' lang='lat' dir='ltr'>circumspectis</span> <span class='ocrx_word' id='word_1_133' title='bbox 870 2138 987 2220; x_wconf 83' lang='lat' dir='ltr'>judice,</span> <span class='ocrx_word' id='word_1_134' title='bbox 1019 2139 1139 2222; x_wconf 76' lang='lat' dir='ltr'>juratis,</span> <span class='ocrx_word' id='word_1_135' title='bbox 1172 2141 1349 2223; x_wconf 91' lang='lat' dir='ltr'>ceterisque</span> <span class='ocrx_word' id='word_1_136' title='bbox 1381 2143 1505 2206; x_wconf 89' lang='lat' dir='ltr'>civibus</span> 
     </span>
     <span class='ocr_line' id='line_1_18' title="bbox 236 2245 1504 2327; baseline 0 -17"><span class='ocrx_word' id='word_1_137' title='bbox 236 2248 371 2310; x_wconf 90' lang='lat' dir='ltr'>civitatis</span> <span class='ocrx_word' id='word_1_138' title='bbox 395 2247 515 2308; x_wconf 88' lang='lat' dir='ltr'>montis</span> <span class='ocrx_word' id='word_1_139' title='bbox 538 2246 707 2308; x_wconf 88' lang='lat' dir='ltr'>Grecenais</span> <span class='ocrx_word' id='word_1_140' title='bbox 730 2245 771 2307; x_wconf 88' lang='lat' dir='ltr'>de</span> <span class='ocrx_word' id='word_1_141' title='bbox 794 2245 881 2307; x_wconf 90' lang='lat' dir='ltr'>iuxta</span> <span class='ocrx_word' id='word_1_142' title='bbox 914 2245 1115 2327; x_wconf 89' lang='lat' dir='ltr'>Zagrabiam,</span> <span class='ocrx_word' id='word_1_143' title='bbox 1139 2259 1249 2307; x_wconf 90' lang='lat' dir='ltr'>contra</span> <span class='ocrx_word' id='word_1_144' title='bbox 1284 2247 1440 2309; x_wconf 90' lang='lat' dir='ltr'>illustrem</span> <span class='ocrx_word' id='word_1_145' title='bbox 1473 2261 1504 2310; x_wconf 92' lang='lat' dir='ltr'>et</span> 
     </span>
     <span class='ocr_line' id='line_1_19' title="bbox 237 2350 1502 2435; baseline 0.001 -21"><span class='ocrx_word' id='word_1_146' title='bbox 237 2352 444 2434; x_wconf 88' lang='lat' dir='ltr'>magnificum</span> <span class='ocrx_word' id='word_1_147' title='bbox 469 2352 638 2413; x_wconf 89' lang='lat' dir='ltr'>dominum</span> <span class='ocrx_word' id='word_1_148' title='bbox 664 2350 842 2432; x_wconf 81' lang='lat' dir='ltr'>Georgium</span> <span class='ocrx_word' id='word_1_149' title='bbox 859 2351 1079 2413; x_wconf 84' lang='lat' dir='ltr'>marchionem</span> <span class='ocrx_word' id='word_1_150' title='bbox 1098 2351 1452 2435; x_wconf 88' lang='lat' dir='ltr'>Brandemburgensem</span> <span class='ocrx_word' id='word_1_151' title='bbox 1470 2354 1502 2414; x_wconf 93' lang='lat' dir='ltr'>in</span> 
     </span>
     <span class='ocr_line' id='line_1_20' title="bbox 236 2456 1502 2541; baseline 0 -21"><span class='ocrx_word' id='word_1_152' title='bbox 236 2478 332 2540; x_wconf 91' lang='lat' dir='ltr'>quem</span> <span class='ocrx_word' id='word_1_153' title='bbox 357 2478 413 2541; x_wconf 90' lang='lat' dir='ltr'>per</span> <span class='ocrx_word' id='word_1_154' title='bbox 436 2457 648 2540; x_wconf 88' lang='lat' dir='ltr'>adepcionem</span> <span class='ocrx_word' id='word_1_155' title='bbox 673 2457 912 2538; x_wconf 89' lang='lat' dir='ltr'>possessionum</span> <span class='ocrx_word' id='word_1_156' title='bbox 936 2456 1080 2540; x_wconf 89' lang='lat' dir='ltr'>Dedych‚</span> <span class='ocrx_word' id='word_1_157' title='bbox 1114 2457 1361 2537; x_wconf 90' lang='lat' dir='ltr'>Chernomercz,</span> <span class='ocrx_word' id='word_1_158' title='bbox 1379 2458 1502 2541; x_wconf 87' lang='lat' dir='ltr'>Bythek</span> 
     </span>
     <span class='ocr_line' id='line_1_21' title="bbox 235 2562 1502 2645; baseline 0.001 -20"><span class='ocrx_word' id='word_1_159' title='bbox 235 2577 266 2626; x_wconf 92' lang='lat' dir='ltr'>et</span> <span class='ocrx_word' id='word_1_160' title='bbox 290 2566 403 2625; x_wconf 89' lang='lat' dir='ltr'>Novak</span> <span class='ocrx_word' id='word_1_161' title='bbox 427 2577 612 2625; x_wconf 88' lang='lat' dir='ltr'>vocatarum</span> <span class='ocrx_word' id='word_1_162' title='bbox 636 2583 672 2624; x_wconf 92' lang='lat' dir='ltr'>ac</span> <span class='ocrx_word' id='word_1_163' title='bbox 696 2562 771 2624; x_wconf 87' lang='lat' dir='ltr'>vadi</span> <span class='ocrx_word' id='word_1_164' title='bbox 795 2562 962 2645; x_wconf 87' lang='lat' dir='ltr'>Kyralrew</span> <span class='ocrx_word' id='word_1_165' title='bbox 986 2564 1090 2624; x_wconf 89' lang='lat' dir='ltr'>vocati</span> <span class='ocrx_word' id='word_1_166' title='bbox 1123 2563 1155 2624; x_wconf 91' lang='lat' dir='ltr'>in</span> <span class='ocrx_word' id='word_1_167' title='bbox 1187 2563 1288 2625; x_wconf 86' lang='lat' dir='ltr'>fluvio</span> <span class='ocrx_word' id='word_1_168' title='bbox 1320 2565 1415 2626; x_wconf 88' lang='lat' dir='ltr'>Zawe</span> <span class='ocrx_word' id='word_1_169' title='bbox 1447 2564 1502 2626; x_wconf 90' lang='lat' dir='ltr'>ha-</span> 
     </span>
     <span class='ocr_line' id='line_1_22' title="bbox 237 2667 1081 2751; baseline -0.002 -20"><span class='ocrx_word' id='word_1_170' title='bbox 237 2670 304 2747; x_wconf 90' lang='lat' dir='ltr'>biti,</span> <span class='ocrx_word' id='word_1_171' title='bbox 328 2688 458 2751; x_wconf 90' lang='lat' dir='ltr'>presens</span> <span class='ocrx_word' id='word_1_172' title='bbox 483 2688 576 2730; x_wconf 91' lang='lat' dir='ltr'>causa</span> <span class='ocrx_word' id='word_1_173' title='bbox 601 2681 648 2730; x_wconf 88' lang='lat' dir='ltr'>est</span> <span class='ocrx_word' id='word_1_174' title='bbox 672 2668 886 2730; x_wconf 91' lang='lat' dir='ltr'>condescensa</span> <span class='ocrx_word' id='word_1_175' title='bbox 911 2667 1081 2749; x_wconf 81' lang='lat' dir='ltr'>judicialis.</span> 
     </span>
    </p>
   </div>
   <div class='ocr_carea' id='block_1_5' title="bbox 342 2807 1502 2874">
    <p class='ocr_par' dir='ltr' id='par_1_6' title="bbox 342 2807 1502 2874">
     <span class='ocr_line' id='line_1_23' title="bbox 342 2807 1502 2874; baseline 0 -15"><span class='ocrx_word' id='word_1_176' title='bbox 342 2809 479 2873; x_wconf 81' lang='lat' dir='ltr'>Originale</span> <span class='ocrx_word' id='word_1_177' title='bbox 499 2809 524 2858; x_wconf 91' lang='lat' dir='ltr'>in</span> <span class='ocrx_word' id='word_1_178' title='bbox 545 2808 643 2860; x_wconf 85' lang='lat' dir='ltr'>charta.</span> <span class='ocrx_word' id='word_1_179' title='bbox 657 2807 745 2874; x_wconf 82' lang='lat' dir='ltr'>Tergo</span> <span class='ocrx_word' id='word_1_180' title='bbox 765 2809 896 2873; x_wconf 84' lang='lat' dir='ltr'>impressa</span> <span class='ocrx_word' id='word_1_181' title='bbox 918 2810 970 2860; x_wconf 88' lang='lat' dir='ltr'>duo</span> <span class='ocrx_word' id='word_1_182' title='bbox 999 2809 1096 2874; x_wconf 83' lang='lat' dir='ltr'>sigilla.</span> <span class='ocrx_word' id='word_1_183' title='bbox 1110 2807 1136 2858; x_wconf 31' lang='lat' dir='ltr'>E&lt;</span> <span class='ocrx_word' id='word_1_184' title='bbox 1152 2808 1261 2859; x_wconf 91' lang='lat' dir='ltr'>collect.</span> <span class='ocrx_word' id='word_1_185' title='bbox 1274 2810 1298 2861; x_wconf 88' lang='lat' dir='ltr'>d.</span> <span class='ocrx_word' id='word_1_186' title='bbox 1312 2809 1341 2856; x_wconf 90' lang='lat' dir='ltr'>E.</span> <span class='ocrx_word' id='word_1_187' title='bbox 1356 2807 1502 2872; x_wconf 76' lang='lat' dir='ltr'>Lasovsty.</span> 
     </span>
    </p>
   </div>
   <div class='ocr_carea' id='block_1_6' title="bbox 828 3091 913 3156">
    <p class='ocr_par' dir='ltr' id='par_1_7' title="bbox 828 3091 913 3156">
     <span class='ocr_line' id='line_1_24' title="bbox 828 3091 913 3156; baseline 0.012 -1"><span class='ocrx_word' id='word_1_188' title='bbox 828 3091 913 3156; x_wconf 84' lang='grc'><strong>138.</strong></span> 
     </span>
    </p>
   </div>
   <div class='ocr_carea' id='block_1_7' title="bbox 339 3245 896 3313">
    <p class='ocr_par' dir='ltr' id='par_1_8' title="bbox 339 3245 896 3313">
     <span class='ocr_line' id='line_1_25' title="bbox 339 3245 896 3313; baseline 0 -15"><span class='ocrx_word' id='word_1_189' title='bbox 339 3249 413 3299; x_wconf 74' lang='lat' dir='ltr'>Anno</span> <span class='ocrx_word' id='word_1_190' title='bbox 434 3247 514 3300; x_wconf 82' lang='lat'>1517.</span> <span class='ocrx_word' id='word_1_191' title='bbox 535 3248 577 3301; x_wconf 85' lang='lat' dir='ltr'>st.</span> <span class='ocrx_word' id='word_1_192' title='bbox 595 3248 717 3313; x_wconf 85' lang='lat' dir='ltr'>januarii.</span> <span class='ocrx_word' id='word_1_193' title='bbox 737 3245 896 3313; x_wconf 85' lang='lat' dir='ltr'>Zagrabiae.</span> 
     </span>
    </p>
   </div>
   <div class='ocr_carea' id='block_1_8' title="bbox 245 3358 1501 3537">
    <p class='ocr_par' dir='ltr' id='par_1_9' title="bbox 245 3358 1501 3537">
     <span class='ocr_line' id='line_1_26' title="bbox 245 3358 1501 3451; baseline 0 -19"><span class='ocrx_word' id='word_1_194' title='bbox 245 3374 441 3433; x_wconf 81' lang='lat' dir='ltr'>Communitas</span> <span class='ocrx_word' id='word_1_195' title='bbox 472 3375 600 3433; x_wconf 79' lang='lat' dir='ltr'>civitatis</span> <span class='ocrx_word' id='word_1_196' title='bbox 622 3375 729 3432; x_wconf 82' lang='lat' dir='ltr'>silvam</span> <span class='ocrx_word' id='word_1_197' title='bbox 752 3374 899 3448; x_wconf 82' lang='lat' dir='ltr'>quandam</span> <span class='ocrx_word' id='word_1_198' title='bbox 930 3358 1072 3447; x_wconf 68' lang='lat' dir='ltr'>Gregortb</span> <span class='ocrx_word' id='word_1_199' title='bbox 1104 3373 1267 3432; x_wconf 78' lang='lat' dir='ltr'>Prcksauec</span> <span class='ocrx_word' id='word_1_200' title='bbox 1296 3388 1318 3451; x_wconf 70' lang='grc'><em>4</em></span> <span class='ocrx_word' id='word_1_201' title='bbox 1334 3374 1405 3448; x_wconf 76' lang='lat' dir='ltr'>fler.</span> <span class='ocrx_word' id='word_1_202' title='bbox 1429 3379 1501 3432; x_wconf 82' lang='lat' dir='ltr'>auri</span> 
     </span>
     <span class='ocr_line' id='line_1_27' title="bbox 819 3481 921 3537; baseline 0.01 -1"><span class='ocrx_word' id='word_1_203' title='bbox 819 3481 921 3537; x_wconf 83' lang='lat' dir='ltr'>vendit.</span> 
     </span>
    </p>
   </div>
   <div class='ocr_carea' id='block_1_9' title="bbox 232 3617 1500 4864">
    <p class='ocr_par' dir='ltr' id='par_1_10' title="bbox 232 3617 1500 4864">
     <span class='ocr_line' id='line_1_28' title="bbox 340 3617 1500 3683; baseline 0.003 -3"><span class='ocrx_word' id='word_1_204' title='bbox 340 3621 407 3680; x_wconf 91' lang='lat' dir='ltr'>Nos</span> <span class='ocrx_word' id='word_1_205' title='bbox 432 3620 647 3681; x_wconf 89' lang='lat' dir='ltr'>communitas</span> <span class='ocrx_word' id='word_1_206' title='bbox 670 3618 788 3679; x_wconf 90' lang='lat' dir='ltr'>civium</span> <span class='ocrx_word' id='word_1_207' title='bbox 813 3618 949 3680; x_wconf 88' lang='lat' dir='ltr'>civitatis</span> <span class='ocrx_word' id='word_1_208' title='bbox 972 3618 1091 3680; x_wconf 88' lang='lat' dir='ltr'>montis</span> <span class='ocrx_word' id='word_1_209' title='bbox 1119 3617 1320 3681; x_wconf 88' lang='lat' dir='ltr'>Grechensis.</span> <span class='ocrx_word' id='word_1_210' title='bbox 1345 3620 1500 3683; x_wconf 87' lang='lat' dir='ltr'>Memorie</span> 
     </span>
     <span class='ocr_line' id='line_1_29' title="bbox 235 3723 1500 3807; baseline 0 -20"><span class='ocrx_word' id='word_1_211' title='bbox 235 3725 499 3788; x_wconf 87' lang='lat' dir='ltr'>commendamus</span> <span class='ocrx_word' id='word_1_212' title='bbox 522 3739 633 3787; x_wconf 91' lang='lat' dir='ltr'>tenore</span> <span class='ocrx_word' id='word_1_213' title='bbox 657 3724 859 3806; x_wconf 87' lang='lat' dir='ltr'>presencium</span> <span class='ocrx_word' id='word_1_214' title='bbox 884 3723 1097 3804; x_wconf 88' lang='lat' dir='ltr'>significantes</span> <span class='ocrx_word' id='word_1_215' title='bbox 1121 3726 1239 3806; x_wconf 90' lang='lat' dir='ltr'>quibus</span> <span class='ocrx_word' id='word_1_216' title='bbox 1275 3726 1402 3807; x_wconf 88' lang='lat' dir='ltr'>expedit</span> <span class='ocrx_word' id='word_1_217' title='bbox 1430 3728 1500 3788; x_wconf 91' lang='lat' dir='ltr'>uni-</span> 
     </span>
     <span class='ocr_line' id='line_1_30' title="bbox 233 3829 1499 3916; baseline 0.004 -26"><span class='ocrx_word' id='word_1_218' title='bbox 233 3831 341 3910; x_wconf 87' lang='lat' dir='ltr'>versis,</span> <span class='ocrx_word' id='word_1_219' title='bbox 366 3832 453 3912; x_wconf 92' lang='lat' dir='ltr'>quod</span> <span class='ocrx_word' id='word_1_220' title='bbox 479 3851 537 3892; x_wconf 92' lang='lat' dir='ltr'>nos</span> <span class='ocrx_word' id='word_1_221' title='bbox 561 3830 724 3912; x_wconf 89' lang='lat' dir='ltr'>quandam</span> <span class='ocrx_word' id='word_1_222' title='bbox 750 3829 862 3891; x_wconf 90' lang='lat' dir='ltr'>silvam</span> <span class='ocrx_word' id='word_1_223' title='bbox 876 3844 1017 3891; x_wconf 90' lang='lat' dir='ltr'>nostram</span> <span class='ocrx_word' id='word_1_224' title='bbox 1031 3849 1237 3893; x_wconf 89' lang='lat' dir='ltr'>communem</span> <span class='ocrx_word' id='word_1_225' title='bbox 1252 3832 1499 3916; x_wconf 82' lang='lat' dir='ltr'>Goranschycza</span> 
     </span>
     <span class='ocr_line' id='line_1_31' title="bbox 235 3935 1500 4021; baseline 0.003 -24"><span class='ocrx_word' id='word_1_226' title='bbox 235 3949 380 3998; x_wconf 87' lang='lat' dir='ltr'>vocatam</span> <span class='ocrx_word' id='word_1_227' title='bbox 405 3936 437 3997; x_wconf 91' lang='lat' dir='ltr'>in</span> <span class='ocrx_word' id='word_1_228' title='bbox 463 3937 638 4018; x_wconf 86' lang='lat' dir='ltr'>Prekrysye</span> <span class='ocrx_word' id='word_1_229' title='bbox 662 3935 814 4013; x_wconf 90' lang='lat' dir='ltr'>habitam,</span> <span class='ocrx_word' id='word_1_230' title='bbox 828 3935 860 3996; x_wconf 92' lang='lat' dir='ltr'>in</span> <span class='ocrx_word' id='word_1_231' title='bbox 885 3935 1045 3998; x_wconf 87' lang='lat' dir='ltr'>territorio</span> <span class='ocrx_word' id='word_1_232' title='bbox 1067 3950 1176 3999; x_wconf 89' lang='lat' dir='ltr'>nostro</span> <span class='ocrx_word' id='word_1_233' title='bbox 1199 3958 1255 3999; x_wconf 91' lang='lat' dir='ltr'>seu</span> <span class='ocrx_word' id='word_1_234' title='bbox 1273 3939 1408 4000; x_wconf 88' lang='lat' dir='ltr'>civitatis</span> <span class='ocrx_word' id='word_1_235' title='bbox 1429 3959 1500 4021; x_wconf 93' lang='lat' dir='ltr'>pre·</span> 
     </span>
     <span class='ocr_line' id='line_1_32' title="bbox 233 4039 1500 4122; baseline 0.004 -20"><span class='ocrx_word' id='word_1_236' title='bbox 233 4039 295 4103; x_wconf 85' lang='lat' dir='ltr'>late</span> <span class='ocrx_word' id='word_1_237' title='bbox 320 4042 401 4103; x_wconf 91' lang='lat' dir='ltr'>inter</span> <span class='ocrx_word' id='word_1_238' title='bbox 423 4041 489 4102; x_wconf 90' lang='lat' dir='ltr'>vias</span> <span class='ocrx_word' id='word_1_239' title='bbox 505 4060 693 4103; x_wconf 90' lang='lat' dir='ltr'>communes</span> <span class='ocrx_word' id='word_1_240' title='bbox 717 4039 861 4122; x_wconf 92' lang='lat' dir='ltr'>undique</span> <span class='ocrx_word' id='word_1_241' title='bbox 878 4041 1145 4103; x_wconf 90' lang='lat' dir='ltr'>circumvolutam</span> <span class='ocrx_word' id='word_1_242' title='bbox 1162 4055 1228 4104; x_wconf 91' lang='lat' dir='ltr'>tam</span> <span class='ocrx_word' id='word_1_243' title='bbox 1244 4045 1284 4105; x_wconf 91' lang='lat' dir='ltr'>ab</span> <span class='ocrx_word' id='word_1_244' title='bbox 1301 4045 1447 4106; x_wconf 87' lang='lat' dir='ltr'>orientali</span> <span class='ocrx_word' id='word_1_245' title='bbox 1469 4058 1500 4107; x_wconf 93' lang='lat' dir='ltr'>et</span> 
     </span>
     <span class='ocr_line' id='line_1_33' title="bbox 234 4147 1498 4230; baseline 0.002 -22"><span class='ocrx_word' id='word_1_246' title='bbox 234 4147 449 4226; x_wconf 88' lang='lat' dir='ltr'>meridionali,</span> <span class='ocrx_word' id='word_1_247' title='bbox 473 4147 790 4229; x_wconf 89' lang='lat' dir='ltr'>septemtrionalique</span> <span class='ocrx_word' id='word_1_248' title='bbox 815 4167 873 4209; x_wconf 90' lang='lat' dir='ltr'>nec</span> <span class='ocrx_word' id='word_1_249' title='bbox 898 4165 962 4208; x_wconf 92' lang='lat' dir='ltr'>non</span> <span class='ocrx_word' id='word_1_250' title='bbox 988 4148 1178 4210; x_wconf 90' lang='lat' dir='ltr'>occidentali</span> <span class='ocrx_word' id='word_1_251' title='bbox 1196 4149 1339 4230; x_wconf 91' lang='lat' dir='ltr'>partibus</span> <span class='ocrx_word' id='word_1_252' title='bbox 1355 4149 1498 4211; x_wconf 87' lang='lat' dir='ltr'>habitam</span> 
     </span>
     <span class='ocr_line' id='line_1_34' title="bbox 234 4253 1495 4334; baseline 0.002 -20"><span class='ocrx_word' id='word_1_253' title='bbox 234 4268 264 4314; x_wconf 90' lang='lat' dir='ltr'>et</span> <span class='ocrx_word' id='word_1_254' title='bbox 287 4253 484 4330; x_wconf 85' lang='lat' dir='ltr'>existentem,</span> <span class='ocrx_word' id='word_1_255' title='bbox 509 4253 605 4314; x_wconf 90' lang='lat' dir='ltr'>simul</span> <span class='ocrx_word' id='word_1_256' title='bbox 630 4272 702 4314; x_wconf 90' lang='lat' dir='ltr'>cum</span> <span class='ocrx_word' id='word_1_257' title='bbox 719 4253 869 4315; x_wconf 89' lang='lat' dir='ltr'>omnibus</span> <span class='ocrx_word' id='word_1_258' title='bbox 886 4253 1030 4315; x_wconf 87' lang='lat' dir='ltr'>eiusdem</span> <span class='ocrx_word' id='word_1_259' title='bbox 1047 4254 1126 4315; x_wconf 88' lang='lat' dir='ltr'>silve</span> <span class='ocrx_word' id='word_1_260' title='bbox 1143 4255 1343 4332; x_wconf 91' lang='lat' dir='ltr'>utilitatibus,</span> <span class='ocrx_word' id='word_1_261' title='bbox 1361 4254 1495 4334; x_wconf 81' lang='lat' dir='ltr'>juribus,</span> 
     </span>
     <span class='ocr_line' id='line_1_35' title="bbox 235 4355 1497 4442; baseline 0.003 -24"><span class='ocrx_word' id='word_1_262' title='bbox 235 4358 354 4437; x_wconf 89' lang='lat' dir='ltr'>usibus,</span> <span class='ocrx_word' id='word_1_263' title='bbox 379 4356 652 4420; x_wconf 82' lang='lat' dir='ltr'>fructuositatibus</span> <span class='ocrx_word' id='word_1_264' title='bbox 676 4372 708 4420; x_wconf 92' lang='lat' dir='ltr'>et</span> <span class='ocrx_word' id='word_1_265' title='bbox 723 4359 927 4440; x_wconf 90' lang='lat' dir='ltr'>pertinenciis</span> <span class='ocrx_word' id='word_1_266' title='bbox 941 4355 1098 4421; x_wconf 88' lang='lat' dir='ltr'>universis</span> <span class='ocrx_word' id='word_1_267' title='bbox 1114 4360 1250 4442; x_wconf 87' lang='lat' dir='ltr'>provido</span> <span class='ocrx_word' id='word_1_268' title='bbox 1268 4361 1337 4422; x_wconf 94' lang='lat' dir='ltr'>viro</span> <span class='ocrx_word' id='word_1_269' title='bbox 1355 4359 1497 4441; x_wconf 87' lang='lat' dir='ltr'>Georgio</span> 
     </span>
     <span class='ocr_line' id='line_1_36' title="bbox 234 4463 1498 4546; baseline 0.003 -23"><span class='ocrx_word' id='word_1_270' title='bbox 234 4463 441 4525; x_wconf 86' lang='lat' dir='ltr'>Prekzawecz</span> <span class='ocrx_word' id='word_1_271' title='bbox 465 4477 661 4546; x_wconf 88' lang='lat' dir='ltr'>nuncupato,</span> <span class='ocrx_word' id='word_1_272' title='bbox 679 4465 783 4526; x_wconf 91' lang='lat' dir='ltr'>incole</span> <span class='ocrx_word' id='word_1_273' title='bbox 800 4478 832 4527; x_wconf 94' lang='lat' dir='ltr'>et</span> <span class='ocrx_word' id='word_1_274' title='bbox 855 4465 1058 4527; x_wconf 90' lang='lat' dir='ltr'>inhabitatori</span> <span class='ocrx_word' id='word_1_275' title='bbox 1075 4465 1224 4527; x_wconf 87' lang='lat' dir='ltr'>territorii</span> <span class='ocrx_word' id='word_1_276' title='bbox 1242 4465 1376 4527; x_wconf 86' lang='lat' dir='ltr'>civitatis</span> <span class='ocrx_word' id='word_1_277' title='bbox 1392 4478 1498 4527; x_wconf 89' lang='lat' dir='ltr'>nostre</span> 
     </span>
     <span class='ocr_line' id='line_1_37' title="bbox 233 4568 1497 4652; baseline 0.002 -23"><span class='ocrx_word' id='word_1_278' title='bbox 233 4587 269 4629; x_wconf 92' lang='lat' dir='ltr'>ac</span> <span class='ocrx_word' id='word_1_279' title='bbox 292 4587 446 4650; x_wconf 90' lang='lat' dir='ltr'>pereum</span> <span class='ocrx_word' id='word_1_280' title='bbox 470 4570 535 4630; x_wconf 92' lang='lat' dir='ltr'>suis</span> <span class='ocrx_word' id='word_1_281' title='bbox 558 4568 739 4649; x_wconf 87' lang='lat' dir='ltr'>heredibus,</span> <span class='ocrx_word' id='word_1_282' title='bbox 763 4569 984 4651; x_wconf 90' lang='lat' dir='ltr'>heredumque</span> <span class='ocrx_word' id='word_1_283' title='bbox 1008 4590 1140 4632; x_wconf 89' lang='lat' dir='ltr'>suorum</span> <span class='ocrx_word' id='word_1_284' title='bbox 1164 4571 1402 4652; x_wconf 90' lang='lat' dir='ltr'>posteritatibus</span> <span class='ocrx_word' id='word_1_285' title='bbox 1427 4572 1497 4632; x_wconf 91' lang='lat' dir='ltr'>uni·</span> 
     </span>
     <span class='ocr_line' id='line_1_38' title="bbox 232 4674 1497 4759; baseline 0.004 -26"><span class='ocrx_word' id='word_1_286' title='bbox 232 4674 330 4735; x_wconf 90' lang='lat' dir='ltr'>versis</span> <span class='ocrx_word' id='word_1_287' title='bbox 353 4693 411 4755; x_wconf 94' lang='lat' dir='ltr'>pro</span> <span class='ocrx_word' id='word_1_288' title='bbox 435 4674 563 4736; x_wconf 86' lang='lat' dir='ltr'>florenis</span> <span class='ocrx_word' id='word_1_289' title='bbox 587 4688 725 4757; x_wconf 91' lang='lat' dir='ltr'>quatuor</span> <span class='ocrx_word' id='word_1_290' title='bbox 756 4677 836 4755; x_wconf 92' lang='lat' dir='ltr'>auri,</span> <span class='ocrx_word' id='word_1_291' title='bbox 868 4690 900 4738; x_wconf 94' lang='lat' dir='ltr'>et</span> <span class='ocrx_word' id='word_1_292' title='bbox 931 4696 986 4759; x_wconf 90' lang='lat' dir='ltr'>per</span> <span class='ocrx_word' id='word_1_293' title='bbox 1015 4675 1154 4738; x_wconf 91' lang='lat' dir='ltr'>eundem</span> <span class='ocrx_word' id='word_1_294' title='bbox 1188 4675 1366 4758; x_wconf 89' lang='lat' dir='ltr'>Georgium</span> <span class='ocrx_word' id='word_1_295' title='bbox 1401 4675 1497 4738; x_wconf 84' lang='lat' dir='ltr'>Preh-</span> 
     </span>
     <span class='ocr_line' id='line_1_39' title="bbox 234 4778 1496 4864; baseline 0.005 -26"><span class='ocrx_word' id='word_1_296' title='bbox 234 4797 358 4839; x_wconf 83' lang='lat' dir='ltr'>zawccz</span> <span class='ocrx_word' id='word_1_297' title='bbox 382 4778 514 4857; x_wconf 90' lang='lat' dir='ltr'>dictum,</span> <span class='ocrx_word' id='word_1_298' title='bbox 538 4781 631 4842; x_wconf 88' lang='lat' dir='ltr'>nobis</span> <span class='ocrx_word' id='word_1_299' title='bbox 654 4801 710 4843; x_wconf 90' lang='lat' dir='ltr'>aeu</span> <span class='ocrx_word' id='word_1_300' title='bbox 734 4781 956 4844; x_wconf 91' lang='lat' dir='ltr'>communitati</span> <span class='ocrx_word' id='word_1_301' title='bbox 973 4795 1079 4843; x_wconf 91' lang='lat' dir='ltr'>nostre</span> <span class='ocrx_word' id='word_1_302' title='bbox 1107 4780 1202 4864; x_wconf 88' lang='lat' dir='ltr'>plene</span> <span class='ocrx_word' id='word_1_303' title='bbox 1226 4780 1307 4842; x_wconf 91' lang='lat' dir='ltr'>datis</span> <span class='ocrx_word' id='word_1_304' title='bbox 1332 4794 1363 4843; x_wconf 92' lang='lat' dir='ltr'>et</span> <span class='ocrx_word' id='word_1_305' title='bbox 1387 4801 1496 4863; x_wconf 88' lang='lat' dir='ltr'>perso·</span> 
     </span>
    </p>
   </div>
   <div class='ocr_carea' id='block_1_10' title="bbox 0 0 1740 5242">
    <p class='ocr_par' dir='ltr' id='par_1_11' title="bbox 0 0 1740 5242">
     <span class='ocr_line' id='line_1_40' title="bbox 0 0 1740 5242; baseline 0 2"><span class='ocrx_word' id='word_1_306' title='bbox 0 0 1740 5242; x_wconf 95' lang='lat' dir='ltr'> </span> 
     </span>
    </p>
   </div>
  </div>
 </body>
</html>
