3472 5242
688 360 761 420 Dor.
771 370 825 435 55.
843 392 886 402 —
902 359 963 419 An.
981 368 1069 434 1507.

1010 464 1173 470 .-..—-—-—.
1180 464 1502 471 ———„-—.—-—.—

239 583 383 645 eiusdem
415 585 550 646 civitatis
585 586 703 647 montis
736 584 905 647 Grecensis
936 585 1090 666 personis,
1124 598 1264 645 nostram
1293 586 1503 667 personaliter

239 690 370 752 veniens
387 691 419 750 in
441 691 650 772 presenciam,
660 691 754 752 nobis
771 711 826 772 per
842 691 976 751 modum
993 690 1235 772 protestacionis
1252 705 1283 752 et
1299 691 1505 754 inhibicionis

237 794 415 876 significare
440 796 562 857 curavit
586 797 618 857 in
642 795 727 858 hunc
748 796 901 858 modum:
923 796 1060 876 qualiter
1080 796 1159 859 olim
1176 797 1323 878 egregius
1339 797 1501 861 iohannes

239 900 424 983 Hennyngh
458 901 496 961 de
529 901 750 980 Zomzedwar,
774 915 863 983 pater
895 902 1045 963 videlicet
1071 903 1208 964 condam
1233 903 1351 985 egregii
1375 903 1503 966 Andree

240 1006 424 1088 Hennyngh
439 1007 478 1067 de
495 1006 607 1068 eadem
628 1006 868 1085 Zomzedwara‚
885 1007 1024 1068 nescitur
1039 1007 1157 1088 quibus
1173 1021 1280 1070 motus
1296 1009 1501 1090 respectibus,

239 1112 455 1195 possessiones
486 1112 663 1174 eorundem
697 1112 816 1173 civium
847 1113 1107 1194 protestancium,
1140 1114 1330 1196 Petrowyna
1358 1128 1390 1176 et
1413 1115 1503 1198 Syla-

239 1218 367 1280 kowina
388 1232 524 1296 vocatas,
549 1219 580 1278 in
605 1218 758 1279 comitatu
782 1218 979 1299 zagrabiensi
995 1219 1190 1297 existentes,
1208 1219 1341 1298 habitas,
1365 1241 1383 1281 a
1408 1221 1502 1282 certis

239 1323 401 1385 retroactis
433 1325 631 1405 temporibus
662 1323 848 1405 occupative
882 1337 912 1384 et
946 1324 1128 1406 usurpative
1158 1339 1263 1405 preter
1297 1325 1381 1387 viam
1415 1325 1511 1407 juris,

239 1429 334 1491 simul
367 1449 440 1492 cum
472 1430 587 1491 eodem
622 1430 751 1490 Andrea
784 1430 979 1512 Hennyngh,
1003 1429 1071 1491 filio
1099 1451 1168 1508 suo,
1192 1432 1377 1510 tennuisset,
1403 1432 1501 1494 modo

239 1555 370 1617 quoque
386 1535 457 1597 aliis
474 1536 567 1596 bonis
584 1536 649 1596 suis
666 1535 933 1618 possessionariis,
951 1535 1100 1597 videlicet
1116 1536 1155 1597 ad
1174 1550 1273 1598 castra
1290 1537 1502 1599 Zomzedwar

240 1641 417 1723 predictum
442 1655 473 1702 et
498 1641 595 1723 Selyn
620 1655 742 1719 vocata,
767 1641 1009 1723 pertinentibus,
1027 1661 1165 1703 annexas
1188 1655 1334 1704 tenerent
1357 1657 1388 1704 et
1412 1663 1502 1705 usur-

239 1747 343 1830 pative
379 1748 596 1829 possiderent;
621 1766 694 1809 cum
726 1760 844 1825 tamen,
876 1746 1006 1808 eosdem
1041 1747 1126 1808 cives
1158 1759 1378 1828 protestantes,
1408 1763 1504 1830 prout

238 1854 364 1932 dicitur,
387 1853 527 1936 predicte
561 1855 763 1936 possesiones
795 1873 868 1915 curn
900 1853 1104 1934 pertinenciis
1136 1853 1201 1914 suis
1225 1854 1381 1915 universis
1405 1855 1503 1937 pleno

239 1959 306 2040 jure
338 1973 567 2021 concernerent
599 1959 694 2021 etad
719 1959 860 2037 eosdem,
885 1971 1182 2039 consequenterque
1216 1959 1334 2021 dictam
1358 1961 1503 2042 ipsorum

239 2066 400 2127 civitatem
434 2066 611 2146 antiquitus
644 2065 870 2148 pertinuissent
899 2079 930 2126 et
954 2065 1112 2147 pertinere
1136 2065 1378 2128 dinoscerentur
1401 2067 1520 2145 eciam⁴

240 2172 278 2232 de
303 2172 455 2253 presenti,
480 2172 512 2233 in
536 2192 579 2249 se,
599 2171 698 2232 modo
715 2172 881 2253 premisso,
898 2186 1047 2254 usurpate
1072 2171 1214 2250 fuissent,
1232 2172 1264 2232 in
1289 2172 1502 2253 preiudicium

239 2290 270 2338 et
301 2277 491 2359 dampnum,
520 2278 704 2358 juriumque
739 2279 933 2358 derogamen
958 2277 1118 2339 dictorum
1143 2278 1260 2338 civium
1285 2277 1503 2341 manifestum.

240 2382 335 2446 Unde
372 2381 453 2444 facta
485 2383 670 2444 huiusmodi
706 2384 951 2465 protestacione,
984 2383 1048 2444 iarn
1081 2382 1163 2444 fatus
1200 2383 1375 2464 Gregorius
1408 2384 1504 2465 judex

239 2508 370 2550 suorum
399 2502 430 2550 et
460 2490 608 2568 aliorum,
633 2509 771 2570 quorum
799 2510 904 2571 supra,
933 2490 1119 2551 nominibus
1149 2502 1180 2550 et
1211 2491 1243 2551 in
1275 2491 1430 2571 personis,
1454 2511 1503 2552 se-

240 2595 447 2661 renissimum
485 2596 662 2679 principem
702 2608 733 2657 et
767 2596 948 2673 dominum,
983 2595 1152 2656 dominum
1187 2595 1415 2675 Wladislaum‚
1451 2597 1502 2659 dei

238 2700 378 2781 graciam
404 2721 512 2782 regern
537 2701 701 2782 Hungarie
727 2715 757 2762 et
774 2701 928 2763 Bohemie
946 2714 1016 2778 etc.,
1033 2700 1203 2761 dominum
1220 2715 1363 2762 nostrum
1381 2703 1504 2783 gracio-

239 2806 400 2867 sissimum
433 2828 449 2868 a
475 2807 664 2884 donacione,
689 2807 933 2886 collacioneque
964 2819 994 2866 et
1022 2825 1189 2885 consensu,
1215 2806 1289 2867 item
1314 2827 1505 2888 generosam

240 2911 404 2973 dominam
431 2911 596 2995 Sophiam,
626 2912 768 2974 relictam
799 2912 943 2974 eiusdem
975 2911 1101 2972 Andree
1134 2912 1330 2994 Hennyngh,
1357 2913 1503 2994 aliosque

240 3018 405 3080 universos
440 3033 472 3081 et
503 3018 664 3099 quoslibet
699 3018 838 3079 cuiusvis
869 3031 967 3079 status
999 3032 1030 3079 et
1061 3018 1261 3079 condicionis
1294 3018 1440 3081 homines
1464 3021 1505 3081 ab

240 3124 479 3206 impetracione‚
513 3144 637 3187 necnon
673 3125 899 3207 occupacione,
931 3125 1154 3206 usurpacione,
1187 3124 1442 3205 derencioneque
1473 3139 1504 3186 et

240 3232 486 3292 conservacione
510 3232 753 3314 prescriptorum
778 3231 1019 3313 possessionum
1042 3231 1232 3312 Petrowyna
1249 3243 1280 3291 et
1297 3230 1503 3312 Sylakowina

240 3351 435 3415 vocatarum,
453 3338 787 3420 pertinenciarumque
804 3356 933 3399 suarum
950 3337 1181 3414 universarum,
1199 3335 1259 3416 juri
1277 3349 1502 3397 annotatorum

240 3444 359 3504 civium
399 3458 539 3525 spectare
580 3444 782 3521 debencium,
818 3461 915 3523 seque
952 3443 1048 3524 ipsos,
1084 3442 1199 3521 quovis
1234 3442 1359 3521 quesito
1395 3442 1503 3504 colore

241 3550 272 3609 in
309 3548 490 3610 dominium
531 3549 706 3611 earundem
747 3547 994 3624 intromissione,
1030 3547 1089 3608 sibi
1127 3547 1202 3628 ipsis
1237 3547 1503 3628 appropriacione

241 3674 276 3714 ac
313 3655 564 3731 statuifaccione,
590 3673 782 3733 usuumque,
818 3653 979 3713 fructuum
1012 3667 1043 3712 et
1078 3651 1294 3732 quarumlibet
1329 3652 1504 3714 utilitatum

241 3759 424 3819 earumdem
457 3759 667 3841 p·rcepcione
692 3776 748 3818 seu
772 3755 1049 3839 percipiiaccione,
1067 3757 1214 3817 universa
1239 3757 1340 3818 eciam
1365 3758 1502 3834 capitula

241 3879 271 3926 ct
302 3878 478 3926 conventus
509 3885 544 3924 ac
576 3864 638 3924 alia
670 3863 783 3944 quevis
816 3864 886 3923 loca
923 3862 1088 3924 credibilia
1120 3883 1136 3922 a
1170 3863 1345 3924 litterarum
1374 3883 1505 3925 suarum

239 3970 476 4030 statutoriarum
512 3989 567 4029 seu
602 3969 736 4029 aliarum
773 3988 1048 4048 quarumcumque
1081 3967 1300 4029 fassionalium
1333 3968 1503 4051 superinde

240 4075 456 4136 confectarum
491 4090 521 4135 et
554 4074 824 4136 conficiendarum
857 4075 1064 4135 emanatione
1096 4088 1126 4134 et
1159 4075 1381 4135 extraducione
1415 4060 1527 4135 iactisv

240 4181 475 4262 quoquomodo
516 4181 563 4241 vel
585 4180 727 4257 fiendis,
752 4181 917 4262 prohibuit
956 4181 1204 4241 contradicendo
1244 4193 1275 4240 et
1312 4179 1504 4241 contradixit

241 4286 417 4348 inhibendo
441 4287 568 4367 publice
593 4300 623 4347 et
648 4287 814 4347 maniieste
843 4306 950 4347 coram
976 4287 1069 4347 nobis
1092 4285 1277 4347 testimonio
1302 4285 1503 4366 presencium

241 4393 413 4453 mediante.
447 4392 564 4453 Datum
599 4392 630 4452 in
656 4391 764 4472 vigilia
790 4392 962 4453 nativitatis
986 4394 1076 4453 beate
1111 4392 1210 4452 Marie
1234 4390 1376 4471 virginis.
1407 4395 1504 4452 Anno

241 4497 364 4559 domini
389 4498 561 4559 millesimo
586 4498 845 4578 quingentesimo
870 4498 1016 4580 septimo.

349 4655 484 4720 Originale
509 4656 534 4705 in
564 4655 662 4707 charta.
689 4655 710 4705 Α
734 4660 811 4720 tergo
836 4655 977 4720 vestigium
1002 4655 1125 4720 impressi
1144 4654 1236 4719 sigilli.
1262 4645 1289 4704 ln
1317 4654 1413 4706 arobiv.
1444 4653 1504 4722 incl.

240 4741 335 4794 decad.
355 4741 451 4794 Scient.
472 4741 574 4796 Slavor.
594 4743 703 4796 meriod.
1260 4749 1263 4754 '
