3472 5242
218 395 281 456 314
622 369 744 429 Statura
768 369 1059 428 praebendariorum.

216 597 308 664 raret,
318 597 373 647 aut
381 598 520 646 curreret
536 583 576 644 ad
593 581 858 664 conquerendum
886 581 1026 644 dominis
1042 583 1128 666 ipsos
1143 589 1351 667 provocando
1369 602 1478 651 contra

217 690 338 770 fratres,
362 704 476 752 extunc
500 709 539 751 eo
563 687 647 751 lacto
671 688 848 771 privabitur
872 688 1035 750 consortio
1059 703 1090 751 et
1112 695 1322 772 proventibus
1343 715 1408 757 uno
1433 696 1481 757 in·

215 811 305 879 tegro
330 816 427 875 annu,
452 810 482 857 et
506 815 572 858 uno
596 795 658 874 die,
684 808 742 856 etc.

327 1012 416 1085 Quod
434 1014 465 1067 in
488 1011 581 1068 missis
603 1010 856 1084 confraternitatis
878 1010 998 1083 quilibet
1012 1012 1116 1085 frater
1148 1015 1301 1088 usquead
1319 1017 1412 1090 finem
1434 1017 1482 1076 sit.

323 1150 448 1211 Eodem
473 1149 525 1209 die
550 1148 637 1210 idem
661 1145 772 1209 fratres
796 1160 973 1210 statuerunt
997 1164 1028 1212 et
1050 1153 1312 1233 terminaverunt,
1330 1153 1418 1235 quod
1443 1154 1482 1216 de

216 1270 321 1318 cetero
347 1256 379 1316 in
402 1255 506 1316 missis
529 1252 807 1332 confraternitatis,
831 1253 981 1316 videlicet
1004 1256 1137 1338 virginis
1174 1259 1342 1322 benedicte
1366 1273 1397 1321 et
1421 1261 1483 1321 Re-

216 1362 337 1443 quiem,
361 1381 474 1424 omnes
498 1360 610 1422 fratres
633 1358 771 1420 finaliter
795 1379 997 1440 perseverare
1029 1362 1186 1440 debeant;
1210 1365 1235 1425 si
1260 1385 1336 1427 vero
1367 1366 1483 1447 aliquis

216 1487 295 1529 ausu
312 1466 481 1528 temerario
506 1465 669 1527 recesserit
691 1465 760 1525 sine
784 1464 912 1526 licentia
937 1465 1061 1547 decani,
1086 1482 1200 1531 extunc
1224 1470 1294 1531 tatis
1311 1469 1480 1532 habebitur

216 1593 275 1656 pro
301 1576 443 1635 absente.

314 1771 432 1847 Junior
445 1770 552 1842 frater
571 1765 683 1826 seniori
704 1767 825 1826 honores
847 1768 990 1830 exhibeat.

322 1900 472 1962 Tandem
504 1899 600 1960 etiam
633 1911 821 1977 statuerunt,
855 1899 942 1980 quod
975 1900 1246 1982 quandocumque
1282 1902 1340 1983 ipsi
1373 1901 1483 1963 fratres

217 2007 338 2067 vadunt
362 2006 402 2067 ad
426 2004 638 2081 offertorium,
664 2004 770 2066 nullus
803 2003 934 2065 debebit
968 2006 1138 2087 precedere
1172 2007 1332 2068 seniorem
1367 2007 1426 2068 sibi
1450 2007 1482 2068 in

216 2112 324 2174 eundo
347 2112 387 2173 ad
414 2111 499 2173 idem
534 2110 752 2185 offertorium;
785 2111 840 2172 sed
872 2113 1059 2173 observetur
1083 2112 1137 2173 ille
1170 2111 1274 2174 honor
1298 2113 1379 2174 sicut
1403 2113 1484 2174 inter

216 2220 366 2281 dominos
378 2219 549 2280 canonicos
566 2217 726 2279 observari
743 2217 856 2279 solitus
882 2231 937 2280 est.
958 2217 1063 2279 Simili
1085 2218 1195 2297 mod0,
1220 2218 1352 2299 quando
1372 2216 1490 2280 fratres·

215 2341 370 2388 vocantur
393 2325 433 2386 ad
457 2324 565 2405 aliqua
588 2323 735 2385 convivia
760 2324 985 2402 communiter,
1004 2324 1112 2385 nullus
1136 2324 1237 2385 alium
1261 2324 1411 2407 precedat
1433 2344 1482 2386 se-

216 2431 341 2493 niorem
365 2450 409 2511 se,
433 2430 473 2491 ad
498 2448 643 2490 mensam
674 2428 823 2491 locando

322 2627 436 2686 Secreta
460 2629 586 2701 pisorum
607 2626 786 2682 dominorum
811 2625 1075 2684 prebendartorum
1106 2627 1232 2685 celentur
1261 2634 1290 2684 et
1311 2630 1481 2687 ocultentur.

320 2746 456 2831 Insuper
479 2748 554 2809 dicti
573 2747 682 2808 fratres
700 2747 844 2808 unanimi
862 2761 938 2809 voto
956 2748 1191 2826 concluserunt,
1205 2749 1293 2830 quod
1318 2749 1343 2808 si
1362 2747 1481 2829 aliquis

215 2855 363 2937 proderet
387 2869 516 2932 secreta,
541 2868 571 2915 et
597 2854 649 2914 illa
668 2873 730 2935 que
747 2865 919 2914 tractantur
944 2852 975 2914 in
993 2854 1235 2932 communitate,
1260 2868 1375 2916 extunc
1394 2854 1482 2916 illico

215 2961 391 3043 privabitur
414 2960 575 3022 consortio
600 2974 631 3021 et
654 2959 864 3042 proventibus
897 2979 982 3021 anno
1007 2978 1072 3020 uno
1103 2973 1134 3020 et
1172 2959 1223 3021 die
1250 2979 1315 3021 uno
1341 2960 1481 3042 insuperr

215 3068 265 3129 vel
290 3087 459 3150 quousque
485 3065 640 3128 fratribus·
658 3065 824 3147 placuerit.

327 3248 438 3320 Quibus
468 3245 642 3314 viventibus,
662 3244 850 3317 regnantibus
873 3252 902 3302 et
922 3244 1133 3316 imperantibus
1157 3245 1359 3317 ipsuprerlictu
1371 3253 1482 3304 statuta

215 3361 284 3411 sunt
299 3350 464 3426 publicata.

322 3457 403 3517 Sunt
425 3469 532 3516 autem
560 3456 619 3517 hee
654 3469 760 3517 nostre
796 3454 1044 3515 constituciones
1079 3455 1232 3515 salutares
1267 3453 1413 3516 ordinate
1450 3468 1481 3516 et

215 3563 375 3644 publicate
400 3562 431 3623 in
456 3562 601 3641 generali
627 3576 734 3622 nostra
759 3556 1007 3641 congregatione
1028 3560 1068 3621 ad
1092 3579 1209 3621 sonum
1234 3580 1399 3641 campane,
1416 3580 1479 3641 que

215 3668 255 3728 ad
280 3681 421 3729 nostram
453 3668 736 3748 congregationem
771 3665 996 3727 celebrandam
1027 3666 1147 3747 pulsari
1181 3666 1273 3743 solet,
1315 3663 1397 3727 facta
1422 3666 1480 3726 Za·
1530 3725 1532 3728 .

165 3851 170 3862 ι
213 3774 333 3854 grabie‚
348 3773 380 3833 in
405 3772 503 3833 domo
527 3771 715 3853 prebendali
732 3771 860 3832 discreti
876 3771 934 3830 viri
953 3771 1078 3832 domini
1093 3772 1192 3832 Blasii
1218 3771 1258 3832 de
1277 3770 1480 3852 Koproncza,

215 3878 326 3939 decani
351 3878 448 3938 nostri
472 3877 616 3958 predicti,
641 3875 718 3937 feria
743 3889 830 3936 sexta
848 3876 992 3957 proxima
1011 3890 1084 3937 ante
1103 3875 1220 3938 festum
1246 3875 1482 3937 Purificationis

214 3984 346 4063 virginis
369 3981 546 4059 benedicte,
570 3981 680 4042 matris
703 3981 932 4060 misericordie,
956 4002 1019 4063 que
1044 3981 1104 4044 luit
1130 3983 1244 4044 ultima
1269 3983 1338 4044 dies
1361 3983 1482 4045 mensis

214 4088 360 4170 januarii,
385 4086 462 4148 hora
486 4088 655 4147 terciarum
679 4087 730 4147 vel
754 4086 857 4166 quasi,
881 4087 1056 4149 indictione
1090 4089 1341 4170 quartadecima,
1375 4089 1481 4170 ponti-

215 4193 310 4254 ficatu
332 4212 409 4254 vero
433 4193 621 4253 sanctissimi
647 4192 679 4252 in
711 4192 839 4254 Christo
872 4194 970 4274 patris
996 4209 1027 4255 et
1050 4194 1185 4274 domini,
1224 4196 1349 4257 domini
1375 4195 1479 4276 Pauli,

214 4299 324 4360 divina
346 4297 547 4380 providentia
571 4317 653 4379 pape
677 4297 821 4376 secundi,
845 4318 931 4360 anno
954 4299 1100 4361 eiusdem
1123 4301 1277 4380 secundo,
1301 4303 1360 4362 sub
1393 4319 1480 4363 anno

215 4416 322 4465 autem
347 4424 365 4464 a
388 4402 551 4465 nativitate
577 4403 700 4464 domini
723 4403 898 4465 millesimo
929 4405 1247 4486 quadringentesimo
1280 4406 1479 4487 sexagesimo

215 4522 313 4570 sexto.
339 4509 506 4588 Regnante
524 4509 557 4570 in
575 4509 741 4591 Hungaria
757 4511 960 4572 serenissimo
976 4512 1119 4593 principe
1136 4525 1167 4573 et
1183 4511 1328 4591 domino,
1344 4512 1480 4574 domino

217 4611 347 4693 Mathia,
371 4612 515 4676 eiusdem
539 4615 704 4696 Hungarie
727 4634 764 4675 ac
796 4614 930 4677 Croacie
954 4630 984 4677 et
1009 4616 1166 4677 Dalmatie
1190 4635 1276 4697 rege,
1293 4618 1479 4679 Romanum

217 4731 324 4782 autem
348 4719 519 4801 imperium
543 4733 670 4782 tenente
692 4720 925 4802 gloriosissimo
949 4721 1092 4803 principe
1120 4735 1151 4782 et
1175 4721 1319 4800 domino,
1344 4722 1480 4785 domino

216 4823 387 4887 Frederico
418 4825 499 4888 duce
523 4826 669 4903 Austrie3
701 4826 731 4886 in
757 4825 890 4886 ecclesia
924 4839 1031 4887 autern
1064 4825 1273 4909 zegrabiensi‚
1304 4828 1480 4911 episcopali
