3472 5242
229 328 291 410 318
626 329 748 388 Statum
771 330 1069 388 Praebendon'orum.

227 555 449 617 viennensem.
467 555 584 616 Parvas
608 555 706 616 idrias
729 555 874 644 proprias
896 554 1014 616 habere
1039 553 1178 632 debebit,
1195 566 1358 635 presentes
1374 562 1492 627 autem,

228 681 291 743 que
316 662 344 723 ei
374 661 547 738 dabuntur,
572 679 630 742 pro
663 661 841 721 inventario
877 660 1077 721 conservabit
1109 659 1186 720 dum
1219 659 1357 720 dimittet
1388 657 1491 738 ipsum

228 768 391 845 balneum,
414 767 549 829 totidem
574 766 721 848 reliquet.
746 768 854 828 hubas
878 765 1033 845 fornaces,
1057 766 1187 848 quando
1221 765 1422 846 indigebunt,
1446 781 1493 822 re·

227 871 365 935 formare
389 873 560 938 tenebitur.
586 872 693 933 Cados
717 872 867 952 antiquos
890 872 1037 933 similiter
1068 871 1265 949 reformabit,
1290 888 1391 931 novos
1415 867 1492 927 dum

228 993 259 1041 et
281 980 305 1041 si
330 979 469 1061 placebit
492 977 623 1039 habebit
646 998 664 1039 a
689 976 849 1039 fratribus.
874 978 925 1039 Ad
950 977 1128 1039 radendum
1154 978 1268 1038 barbas
1284 974 1415 1036 fratrum
1438 971 1492 1033 ha·

228 1086 317 1147 bebit
341 1104 413 1147 cum
439 1085 504 1146 suis
527 1084 734 1145 servitoribus
766 1097 839 1165 apta
862 1083 992 1159 rasoria,
1028 1103 1092 1145 non
1124 1083 1179 1144 illa
1211 1082 1345 1159 laicalia,
1377 1079 1494 1161 quibus

229 1191 384 1253 raduntur
416 1190 535 1252 rustici.
562 1190 697 1251 Videtur
729 1188 845 1251 honori
878 1187 1011 1250 fratrum
1043 1203 1075 1250 et
1107 1189 1254 1250 omnium
1286 1187 1494 1249 dominorum

176 1339 179 1343 «
228 1297 279 1359 hic
304 1298 513 1360 existencium
537 1297 675 1357 maxime
700 1296 911 1377 condignum,
936 1308 970 1357 ut
993 1295 1070 1356 dum
1095 1295 1195 1376 aliqui
1220 1293 1371 1371 extranei,
1396 1291 1494 1373 potis·

228 1403 308 1465 sime
333 1403 465 1465 clientes
489 1402 625 1464 alicuius
650 1402 861 1485 reputationis
885 1403 916 1463 in
942 1402 1060 1463 balneo
1084 1400 1213 1478 fuerint,
1232 1399 1343 1462 fratres
1365 1397 1493 1480 inspici-

229 1522 317 1573 entes
340 1509 497 1571 honorem
521 1509 688 1591 proprium
712 1508 933 1589 unusquisque
958 1509 1045 1570 iuxta
1061 1527 1155 1569 suum
1173 1521 1289 1569 statum
1307 1505 1493 1588 patientiam

229 1616 346 1698 poterit
368 1614 496 1692 habere,
521 1615 639 1677 scimus
663 1615 760 1692 enirn,
784 1614 872 1696 quod
897 1634 1024 1696 semper
1048 1613 1180 1676 clientes
1204 1611 1310 1674 infesti
1335 1625 1408 1672 sunt
1431 1610 1493 1671 cle-

230 1717 313 1801 ricis,
338 1742 378 1783 ne
402 1721 532 1784 videant
563 1722 646 1802 ipsas
680 1721 857 1783 servitrices
887 1718 1037 1781 fratribus
1067 1720 1250 1798 servientes,
1285 1717 1496 1779 dehonestent

232 1828 386 1909 aliquem,
410 1839 506 1908 prout
529 1827 633 1888 visum
658 1840 705 1888 est
728 1826 835 1908 sepius
858 1826 999 1908 idipsum
1023 1825 1101 1887 fieri.
1119 1825 1281 1886 Articulus
1304 1837 1412 1885 autem
1428 1822 1494 1903 ipse

229 1954 295 1995 non
319 1947 366 1994 est
391 1932 581 1993 revelandus
605 1932 794 2010 balneatori,
819 1931 957 2013 q'uilibet
973 1930 1104 1993 fratrum
1123 1931 1239 2013 poterit
1255 1929 1395 2011 cogitare
1413 1928 1493 1990 intra

229 2060 262 2100 se
297 2038 475 2101 secundum
499 2057 593 2099 suum
617 2037 786 2115 honorem,
810 2037 888 2118 quid
914 2051 990 2098 tunc
1014 2035 1198 2098 faciendum
1222 2036 1281 2096 erit
1291 2057 1302 2111 ;v
1324 2035 1401 2096 dum
1419 2054 1494 2096 vero

228 2144 308 2206 tales
332 2157 502 2221 nonaum,
527 2157 641 2204 extunc
665 2157 760 2224 prout
783 2143 875 2205 decet
898 2140 1047 2205 fratribus
1064 2143 1208 2224 singulis,
1225 2156 1291 2203 tam
1315 2141 1495 2203 senioribus

230 2271 328 2332 quam
352 2249 533 2311 iunioribus
557 2248 662 2310 honor
685 2248 882 2310 exhibeatur.

334 2448 383 2503 De
405 2447 493 2503 misso
515 2445 595 2503 beate
618 2446 742 2518 ut’rgims
774 2446 898 2518 singulis
919 2445 1078 2503 sabbatinis
1101 2446 1203 2505 dz'ebus
1229 2448 1329 2503 statim
1347 2454 1416 2519 post
1428 2445 1498 2518 pri·

230 2570 305 2608 mom
329 2551 447 2611 messam
471 2551 593 2610 eiusdem
617 2553 741 2625 virginis
765 2550 797 2610 in
830 2571 887 2608 oro
909 2552 1044 2625 sepedicto
1067 2553 1191 2624 virgareis
1209 2550 1336 2625 gloriose
1353 2561 1411 2625 pro
1442 2550 1496 2609 Ge-

230 2657 313 2731 orgt'o
343 2659 456 2715 Bexe'uo
482 2666 540 2731 per
569 2658 696 2714 dorninos
725 2658 937 2715 Prehendarios
969 2655 1053 2717 chori
1080 2656 1418 2733 ecclcsie'aagrabiensis,
1441 2657 1500 2729 legi

229 2772 371 2822 consueto.

338 2887 404 2947 Nos
427 2885 617 2947 universitas
641 2884 847 2946 dominorum
873 2885 1160 2947 Prehendariorum
1180 2885 1267 2947 chori
1292 2884 1424 2946 ecclesie
1444 2904 1496 2944 za-

229 2992 408 3074 grabiensis
431 3004 542 3053 tenore
566 2990 762 3074 presentium
786 2990 1013 3071 significamus,
1037 2993 1154 3073 quibus
1178 2991 1306 3073 expedit
1330 2991 1496 3052 universis.

232 3099 330 3173 Quod
355 3099 430 3180 quia
454 3098 645 3159 venerabilis
661 3097 813 3159 dominus
830 3097 990 3178 Georgius
1014 3098 1053 3159 de
1071 3097 1236 3175 Ywanich,
1254 3097 1498 3158 archidiaconus

232 3205 271 3267 de
296 3206 395 3267 Bexin
420 3218 451 3266 et
475 3205 647 3266 canonicus
672 3205 754 3265 dicte
779 3204 912 3265 ecclesie
929 3204 1156 3285 zagrabiensis,
1172 3206 1214 3265 ob
1238 3217 1376 3285 spernet
1395 3222 1497 3264 reme·

232 3312 322 3372 dium
346 3310 457 3372 salutis
480 3311 588 3372 anime
611 3330 678 3389 sue,
695 3323 864 3392 parentum
882 3323 913 3372 et
929 3310 1075 3371 omnium
1094 3309 1336 3372 benefactorum
1353 3328 1496 3387 suorum,

232 3437 290 3499 pro
314 3416 421 3477 arduis
445 3417 588 3497 negociis
612 3416 737 3494 nostris,
761 3415 855 3477 nobis
880 3416 1139 3477 incumbentibus
1164 3429 1194 3476 et
1217 3435 1276 3477 nos
1300 3415 1498 3497 urgentibus,

232 3536 360 3583 centum
385 3522 527 3583 florenos
552 3522 620 3583 auri
645 3522 727 3603 puri,
752 3522 829 3583 boni
854 3535 885 3583 et
909 3521 981 3582 iusti
1006 3521 1178 3602 ponderis;
1203 3521 1280 3582 item
1312 3541 1414 3582 unum
1447 3541 1497 3583 ca·

187 3664 190 3668 ⁴
231 3627 325 3689 licem
349 3607 536 3707 argenteum
561 3627 748 3689 deauratum
776 3647 848 3689 cum
873 3639 998 3708 patena,
1023 3646 1120 3688 unam
1145 3627 1285 3688 casulam
1317 3626 1357 3687 de
1388 3628 1498 3689 veluto

233 3747 263 3793 et
287 3753 384 3793 unam
410 3753 543 3814 cappam
568 3732 715 3793 similiter
740 3732 779 3793 de
804 3732 913 3793 veluto
945 3731 1027 3813 nigri
1060 3732 1187 3810 coloris,
1219 3751 1316 3793 unam
1350 3733 1389 3793 de
1425 3733 1498 3794 alba

234 3841 372 3899 kamuka
395 3816 468 3899 cum
494 3858 585 3900 cruce
609 3858 705 3900 aurea
729 3852 760 3898 et
784 3838 864 3899 duas
887 3838 1033 3920 ampulas
1057 3851 1232 3919 argenteas,
1251 3839 1343 3900 nobis
1359 3859 1417 3921 pro
1436 3839 1498 3901 deo

233 3945 369 4006 contulit
392 3958 422 4005 et
447 3944 588 4022 donavit,
613 3964 648 4005 ac
680 3944 757 4004 alias
790 3944 981 4005 elemosinas
1006 3945 1091 4004 iuxta
1123 3964 1213 4004 suam
1242 3942 1426 4006 facultatem
1457 3944 1498 4005 ad

233 4050 524 4112 confraternitatem
548 4063 689 4111 nostram
715 4049 816 4111 lacere
841 4051 1032 4131 promiserit,
1057 4051 1130 4111 ideo
1167 4070 1225 4112 nos
1249 4051 1395 4112 nolentes
1430 4071 1497 4112 esse

234 4157 439 4218 immemores
463 4169 493 4215 et
518 4156 632 4236 ingrati
657 4168 819 4216 tantorum
843 4155 1073 4217 beneficiorum
1097 4175 1227 4217 suorum
1246 4157 1452 4238 promisimus
1468 4172 1500 4220 et

234 4261 313 4322 serie
338 4261 538 4343 presencium
562 4261 789 4343 promittimus,
814 4275 971 4342 quatenus
1002 4262 1121 4323 amodo
1154 4277 1185 4323 et
1216 4262 1367 4343 deinceps
1397 4282 1433 4324 ac
1466 4264 1498 4324 in

234 4380 424 4449 perpetuum
449 4372 480 4425 in
506 4388 562 4426 ora
582 4371 707 4442 gloriose
728 4378 756 4427 et
777 4368 958 4429 beatissime
983 4368 1115 4449 virginis
1148 4369 1258 4446 Marie,
1284 4368 1315 4430 in
1340 4367 1423 4429 dicta
1448 4388 1498 4430 ec-

234 4474 328 4534 clesia
353 4473 551 4553 zagrabiensi
576 4472 708 4534 fundata
742 4487 772 4535 et
796 4487 985 4553 constructa,
1010 4494 1045 4534 ac
1069 4494 1125 4556 per
1158 4474 1296 4535 eundem
1329 4474 1499 4536 dominum

235 4578 413 4660 Georgium
438 4579 700 4641 archidiaconum
729 4579 889 4656 decorata,
915 4581 1050 4661 singulis
1067 4580 1182 4640 diebus
1208 4580 1384 4641 sabbatinis
1400 4600 1497 4642 unam

234 4685 363 4746 missam
389 4684 565 4748 decadem
590 4687 712 4767 virgine
736 4686 877 4767 gloriosa
902 4706 974 4747 cum
999 4685 1124 4747 duabus
1161 4685 1303 4747 collectis
1329 4687 1410 4765 aliis,
1434 4706 1497 4748 una

234 4790 392 4869 videlicet,
410 4791 480 4873 ipso
496 4792 640 4855 vivente:
657 4812 716 4875 pro
740 4792 877 4874 peccatis
900 4805 931 4852 et
954 4792 1017 4853 alia
1040 4809 1118 4874 pro:
1141 4791 1294 4854 omnibus
1316 4788 1498 4855 benefacto·
