3472 5242
256 375 293 416 ro
663 358 735 418 Doc.
759 354 789 433 ό,
807 368 834 433 7.
865 391 901 402 -
928 360 985 420 An.
1005 369 1097 432 1500.

251 584 324 645 dem
357 584 558 646 introducere
592 599 623 646 et
652 584 799 646 instalare
832 585 973 647 debeatis
1006 600 1037 646 et
1067 585 1251 663 teneamini,
1276 598 1311 645 ut
1342 605 1378 646 ex
1403 585 1516 647 litteris

251 691 366 751 nostris
398 690 581 772 patentibus
616 690 731 751 clarius
765 690 944 771 intelligere
976 690 1130 772 poteritis.
1156 689 1254 751 Aliud
1292 709 1356 750 non
1391 689 1514 752 facturi.

252 797 298 856 Ex
322 796 413 858 Bnda
438 796 516 857 feria
540 797 636 857 tercia
660 797 804 878 proxima
827 810 899 878 post
923 797 1039 857 festum
1065 797 1280 858 Ascensionis.
1310 817 1403 877 ¹500·

358 902 460 964 Lucas
484 903 603 964 electus
627 902 758 965 ecclesie

402 991 626 1072 zagrabiensis‚
654 1010 752 1052 manu
776 990 915 1072 propria.

354 1113 389 1177 (Α
411 1112 510 1178 tergo).
536 1097 780 1158 Venerabilibus
804 1096 944 1157 dominis
967 1095 1107 1177 capitulo
1132 1096 1264 1158 ecclesie
1282 1108 1388 1157 nostre
1405 1115 1514 1177 zagra-

252 1202 379 1279 biensis,
405 1200 552 1263 fratribus
577 1201 779 1263 charissimis.

358 1340 493 1405 Originale
513 1341 538 1391 in
559 1341 656 1394 charta.
675 1343 695 1392 Α
713 1346 790 1407 tergo
810 1342 967 1405 impressum
987 1348 1028 1392 est
1047 1338 1171 1406 sigillum.
1191 1340 1218 1392 ln
1239 1341 1336 1393 archiv.
1356 1355 1414 1392 ven.
1429 1341 1512 1405 Capit.

252 1431 347 1492 zagrab
375 1429 432 1481 Act.
452 1430 513 1494 Cap.
535 1433 586 1480 ant.
607 1430 669 1481 lasc.
690 1431 730 1482 79.
751 1444 788 1480 nr.
808 1431 870 1481 36.»

865 1715 899 1778 6.

357 1857 431 1908 Anno
454 1858 528 1921 1500,
549 1858 590 1909 25.
611 1858 772 1909 novembris.
792 1858 819 1908 ln
839 1853 937 1908 lvanid.

251 1982 356 2052 lucos,
382 1987 527 2058 spiscopus
559 1983 762 2057 zagrabiensis,
791 1984 915 2057 capihclo
945 1981 1073 2049 mandat,
1096 1988 1130 2036 ul
1149 1978 1240 2052 fidem
1270 1978 1377 2035 lrabeat
1405 1978 1518 2035 homini

653 2109 715 2147 cum
738 2091 827 2163 alsius
849 2088 995 2146 mundatis
1018 2089 1108 2146 masso.

358 2228 564 2290 Venerabiles
595 2228 715 2308 fratres,
740 2228 833 2290 nobis
865 2227 984 2288 dilecti.
1006 2225 1091 2299 Quia
1122 2243 1180 2285 nos
1211 2243 1268 2305 per
1291 2220 1514 2282 honorabilem

251 2333 439 2414 magistrum
461 2334 663 2396 Anthonium
688 2335 878 2396 canonicum
895 2345 1035 2394 vestrum
1059 2331 1092 2392 in
1116 2329 1200 2392 facto
1224 2326 1423 2389 honorabilis
1447 2345 1513 2387 ma-

250 2438 339 2519 gistri
354 2437 486 2520 Georgii
501 2439 652 2522 Barczay,
670 2440 885 2502 archidiaconi
902 2438 942 2500 de
959 2439 1127 2515 Vrbowcz,
1143 2434 1290 2496 similiter
1306 2430 1513 2493 concanonici

251 2544 356 2622 vestri,
374 2545 530 2606 nonnulla
555 2546 646 2607 vobis
671 2546 888 2607 intimavimus
919 2542 1105 2620 refferenda,
1130 2541 1220 2602 cuius
1242 2538 1393 2599 relatibus
1416 2536 1513 2599 fidem

252 2649 357 2710 velitis
380 2649 531 2712 adhibere
556 2651 753 2729 creditivam,
777 2664 872 2732 atque
896 2651 961 2712 suis
986 2650 1085 2709 immo
1108 2646 1221 2728 pocius
1244 2642 1360 2704 nostris
1383 2641 1514 2723 peticio·

252 2755 346 2817 nibus
370 2757 602 2838 obtemperare.
621 2758 666 2818 Ex
691 2759 777 2819 curia
796 2773 901 2819 nostra
918 2753 1066 2837 lwanych
1083 2752 1115 2813 in
1133 2739 1221 2813 festo*
1231 2749 1321 2810 beate
1340 2747 1513 2808 Katharine

252 2861 384 2941 virginis
409 2876 439 2922 et
463 2863 611 2924 martiris.
640 2884 732 2942 ¹500·

359 2969 462 3028 Lucas
486 2969 655 3051 episcopus

402 3057 534 3119 ecclesie
563 3057 786 3140 zagrabiensis.

357 3179 391 3241 (Α
411 3179 513 3245 tergo).
537 3164 782 3225 Venerabilibus
806 3162 953 3225 iratribus
970 3160 1084 3222 nostris
1101 3156 1241 3238 capitulo
1259 3153 1391 3214 ecclesie
1408 3168 1513 3215 nostre

253 3269 477 3349 zagrabiensis,
501 3271 595 3331 nobis
619 3271 651 3331 in
676 3269 804 3332 Christo
828 3269 948 3331 sincere
973 3265 1107 3328 dilectis.

361 3391 496 3457 Originale
526 3393 552 3443 in
579 3393 676 3445 charta.
706 3393 732 3443 ln
762 3393 858 3444 archiv.
879 3407 936 3442 ven.
957 3390 1040 3455 Capit.
1062 3387 1167 3452 zagrab.
1194 3384 1250 3434 Act.
1271 3379 1355 3442 Capit.
1374 3383 1427 3433 ant.
1447 3380 1513 3432 lasc.

253 3479 295 3531 83.
315 3494 352 3531 nr.
372 3480 414 3530 23.

867 3655 900 3722 7.

358 3797 431 3846 Anno
454 3795 528 3858 1500,
548 3796 571 3847 3.
592 3792 747 3846 decembris.
767 3793 794 3843 ln
813 3789 909 3844 lvanic.

253 3922 357 3989 Lucas,
381 3923 526 3995 episcopus
554 3921 761 3994 regredientis,
788 3918 934 3993 Stephano
964 3923 1064 3978 lectori
1090 3924 1203 3995 confert
1226 3925 1431 3997 canonicatum,
1456 3942 1513 3998 quo

254 4025 500 4098 Bartholomaeus,
524 4026 742 4083 archidiaconus
771 4025 804 4082 de
835 4026 961 4083 Duboka
984 4035 1012 4083 et
1032 4028 1187 4085 canonicus
1212 4027 1345 4086 ecclesiae
1373 4029 1513 4100 Albensis,

639 4133 670 4190 in
693 4133 753 4188 eius
772 4133 901 4205 gratiam
923 4151 954 4192 se
976 4132 1128 4191 abdicavit.

360 4271 567 4332 Venerabiles
598 4269 709 4331 fratres
739 4271 838 4332 nostri
870 4271 995 4333 dilecti!
1021 4272 1105 4345 Quia
1138 4291 1196 4333 nos
1223 4273 1350 4334 attentis
1373 4272 1514 4333 serviciis

256 4388 285 4435 et
310 4375 445 4437 utilitate
475 4377 666 4437 venerabilis
698 4378 838 4458 magistri
864 4377 1015 4459 Stephani
1048 4378 1176 4438 lectoris
1207 4378 1349 4439 eiusdem
1383 4378 1514 4441 ecclesie

255 4494 372 4560 nostre,
396 4481 512 4562 quibus
545 4483 621 4564 ipse,
646 4483 691 4544 uti
715 4484 900 4546 testimonio
931 4484 1072 4565 plurium
1096 4484 1288 4565 accepimus,
1313 4483 1358 4544 illi
1383 4482 1515 4545 ecclesie

256 4599 360 4646 nostre
392 4586 543 4648 hactenus
570 4589 725 4650 attencius
757 4588 846 4650 affuit
877 4603 907 4650 et
938 4589 1044 4666 astitit,
1077 4589 1109 4649 in
1142 4588 1283 4650 futurum
1316 4608 1446 4670 quoque
1475 4607 1513 4649 eo

256 4693 357 4774 magis
389 4693 498 4754 adesse
523 4708 636 4775 potest,
661 4696 883 4756 canonicatum
916 4715 971 4776 per
994 4695 1211 4756 venerabilem
1242 4694 1413 4755 dominum
1437 4693 1513 4756 Bar·

256 4795 456 4859 tholomeum
479 4799 741 4862 archidiaconum
767 4799 806 4860 de
838 4801 974 4862 Doboka
1007 4815 1038 4861 et
1070 4800 1260 4861 canonicum
1285 4799 1512 4861 Transsilvane
