3472 5242
264 385 326 465 326
682 385 768 442 Adel:
792 385 870 444 Ann.
895 394 985 460 1397.
1010 378 1105 460 1484.

159 696 163 701 .
263 633 328 675 non
352 615 518 676 curassetis
540 634 599 676 nec
623 613 775 676 curaretis
798 613 838 673 de
862 612 1011 695 presenti.
1037 612 1139 694 Super
1162 630 1228 693 quo
1252 609 1398 673 fidelitati
1422 624 1525 673 vestre

262 718 395 781 firmiter
439 720 651 802 precipientes
670 700 677 713 ’
697 718 899 797 mandamus,
946 731 1105 800 quatenus
1158 716 1266 779 habita
1321 717 1524 799 presencium

262 825 380 887 noticia
404 826 500 886 rebus
522 826 566 886 sic
588 845 621 887 se
646 824 773 902 habitis,
798 824 884 906 ipsos
907 824 1036 904 triginta
1057 843 1111 886 sex
1135 825 1235 884 boves
1265 843 1301 885 ac
1330 836 1394 885 tres
1424 843 1526 905 equos

262 930 383 992 eisdem
407 930 635 1011 jobagionibus
658 929 817 992 dictorum
850 929 969 991 civium
1000 942 1184 991 nostrorum
1214 929 1347 991 reddere
1378 943 1410 990 et
1436 929 1525 992 resti-

262 1050 350 1097 tuere
375 1035 528 1114 debeatis,
553 1037 609 1118 qui
634 1037 659 1097 si
682 1034 830 1114 feceritis,
849 1037 930 1097 bene
954 1034 1098 1117 quidem,
1122 1035 1268 1117 alioquin
1293 1036 1525 1097 committimus

261 1141 347 1203 fideli
372 1156 482 1204 nostro
507 1142 659 1223 magistro
686 1142 846 1221 Ladislao,
868 1140 937 1203 filio
961 1141 1052 1203 Pauli
1083 1141 1123 1202 de
1148 1141 1243 1220 Gara,
1275 1156 1310 1203 ut
1339 1142 1407 1224 ipse
1438 1160 1524 1203 com-

262 1262 350 1330 perta
374 1249 462 1330 prius
485 1248 674 1310 omnimoda
698 1249 842 1327 veritate,
866 1249 961 1310 vestri
987 1267 1024 1309 ex
1057 1261 1145 1330 parte
1166 1247 1354 1309 omnimode
1385 1246 1524 1310 satisfac-

262 1354 364 1416 cionis
401 1367 432 1415 et
471 1354 594 1416 iusticie
631 1354 904 1437 complementum
941 1353 1090 1416 exhibere
1126 1367 1157 1416 et
1192 1353 1378 1435 impendere
1417 1367 1524 1415 nostre

263 1460 437 1521 Maiestatis
461 1460 494 1520 in
518 1479 654 1541 persona
678 1460 802 1521 debeat.
827 1460 993 1520 Presentes
1027 1472 1100 1540 post
1135 1458 1288 1520 lecturam
1319 1458 1410 1520 reddi
1435 1458 1524 1520 iube·

263 1585 334 1627 mus
358 1566 540 1648 presentati.
568 1565 687 1627 Datum
720 1565 754 1626 in
791 1565 981 1646 Somogwar
1013 1562 1091 1626 feria
1125 1565 1236 1646 quinta
1271 1565 1418 1647 proxima
1452 1578 1524 1626 ante

262 1671 458 1732 dominicam
484 1670 711 1733 Reminiscere.
736 1675 833 1732 Anno
863 1670 987 1732 domini
1006 1669 1129 1733 MCCC
1146 1670 1357 1750 nonagesimo
1376 1671 1525 1754 septimo.

368 1793 504 1860 originale
525 1794 549 1844 in
570 1794 668 1845 chana.
688 1792 716 1843 ln
736 1793 853 1858 margine
872 1793 991 1844 inferiori
1011 1793 1168 1857 impressam
1188 1799 1230 1843 est
1248 1793 1375 1858 sigillam.
1395 1792 1422 1844 ln
1442 1793 1525 1843 archi·

261 1883 305 1933 vio
325 1882 371 1933 lib.
391 1896 446 1948 reg.
467 1882 516 1934 civ.
536 1883 643 1948 zagrab.

366 2341 441 2392 Anno
466 2340 540 2396 1484.
559 2341 715 2408 Zagrabiae.

267 2469 433 2541 Capitulum
456 2470 519 2527 eccl.
544 2471 663 2544 zogrob.
696 2480 725 2529 et
745 2472 833 2529 oblos
865 2471 1035 2529 monasterii
1062 2470 1123 2529 ord.
1164 2469 1367 2526 Cr'slercllensir
1401 2470 1521 2542 zngrob.

253 2582 344 2646 pacto
365 2578 547 2650 conventiam,
572 2584 607 2634 ul
626 2578 746 2635 macella
768 2579 893 2635 claustri
912 2579 1109 2652 reformentur
1129 2583 1157 2632 el
1178 2575 1315 2632 tralatum
1329 2576 1397 2649 forr
1411 2573 1523 2648 capilu-

533 2685 607 2740 loris
629 2702 648 2738 o
672 2684 779 2740 ciur'bus
801 2684 913 2740 ablotis
935 2683 1062 2756 coprlulo
1084 2681 1249 2741 exolvatur.

364 2821 461 2894 Quod
487 2821 771 2882 reverendissimus
794 2840 830 2882 ac
855 2820 1055 2882 venerabiles
1078 2819 1214 2898 domini,
1236 2795 1407 2901 'Georgius
1439 2821 1522 2902 epis-

261 2944 360 3006 copus
384 2926 567 2988 rosonensis
590 2946 625 2986 ac
651 2925 874 3007 suffraganeus
898 2940 928 2987 et
951 2926 1124 2987 canonicus
1148 2925 1281 2986 ecclesie
1297 2926 1522 3005 zagrabiensis,

208 3080 213 3088 .
261 3031 386 3093 Blasius
410 3033 611 3094 decretorum
636 3033 748 3094 doctor
771 3034 809 3094 de
835 3032 982 3110 Kemlek,
1008 3030 1189 3112 Stephanus
1210 3030 1396 3112 goticensis‚
1421 3029 1521 3093 Geor-

259 3137 331 3217 gius
355 3138 394 3198 de
418 3139 529 3217 Bexin,
554 3139 690 3200 vicarius
713 3140 746 3199 in
770 3138 989 3220 spiritualibus
1021 3137 1178 3218 generalis
1202 3156 1237 3198 ac
1270 3136 1387 3198 Paulus
1417 3156 1522 3199 varas·

261 3243 390 3323 diensis,
414 3245 631 3307 archidiaconi
663 3260 693 3307 et
724 3245 869 3306 canonici
903 3245 1046 3306 eiusdem
1079 3244 1212 3305 ecclesie
1244 3243 1458 3323 zagrabiensis
1489 3243 1522 3304 in

260 3349 403 3429 ipsorum
427 3371 463 3412 ac
484 3353 587 3413 tocius
610 3352 741 3433 capituli
766 3351 909 3412 eiusdem
936 3351 1067 3413 ecclesie
1084 3350 1298 3430 zagrabiensis
1322 3348 1465 3430 personis
1481 3350 1521 3410 ab

261 3473 323 3515 una
347 3469 378 3516 et
402 3456 553 3518 dominus
576 3455 671 3518 frater
697 3458 807 3518 Petrus
823 3459 921 3519 abbas
941 3457 1126 3518 monasterii
1152 3458 1242 3517 beate
1266 3455 1366 3516 Maris
1390 3454 1523 3535 virginis

260 3560 415 3640 Zagrabie
438 3560 573 3641 fundati,
598 3562 817 3625 Cisterciensis
840 3563 974 3639 ordinis,
994 3564 1034 3624 ab
1058 3563 1166 3640 altera,
1190 3580 1297 3623 coram
1334 3560 1428 3621 nobis
1451 3579 1522 3642 per-

259 3667 411 3729 sonaliter
434 3668 596 3730 constituti
628 3688 685 3750 per
719 3668 805 3751 ipsos
837 3668 904 3750 pari
935 3668 1100 3729 voluntate
1135 3665 1317 3729 confessum
1353 3665 1455 3727 extitit
1488 3665 1521 3726 in

259 3771 344 3832 hunc
368 3774 521 3834 modum:
546 3774 633 3855 quod
666 3775 740 3835 licet
771 3775 852 3835 inter
881 3774 1060 3855 predictum
1093 3773 1267 3855 capitulum
1301 3785 1333 3833 et
1361 3769 1521 3853 prelatum

260 3877 429 3939 dominum
455 3880 583 3941 Petrum
605 3882 754 3942 abbatem
776 3881 907 3948 racione
931 3895 961 3942 et
993 3894 1136 3962 pretextu
1167 3877 1293 3939 macelli
1327 3896 1383 3959 per
1414 3877 1521 3958 ipsum

167 4007 173 4018 ·
260 3983 435 4064 capitulum
462 3985 493 4045 in
517 4005 590 4046 area
616 3987 758 4068 ipsorum
783 3986 949 4067 capitulari
968 3986 1093 4046 noviter
1109 3984 1267 4066 preparati
1293 4003 1328 4045 ac
1352 3983 1463 4044 tributi
1480 3982 1521 4044 de

259 4089 382 4150 civibus
406 4090 504 4171 ipsius
528 4091 651 4152 domini
677 4093 760 4153 Petri
783 4091 907 4153 abbatis
930 4091 1085 4172 Zagrabie
1111 4090 1385 4152 commorantibus
1402 4100 1434 4149 et
1456 4088 1521 4150 erri-

259 4196 414 4256 stentibus
450 4197 575 4277 ipsique
600 4197 740 4277 capitulo
776 4198 922 4258 debentis
951 4197 1057 4278 gravis
1088 4195 1357 4257 controversionis
1388 4194 1521 4256 materia

259 4313 345 4360 mota
370 4299 464 4362 luerit
487 4321 522 4362 ac
544 4302 687 4383 pululata
712 4303 849 4364 extiterit
872 4322 909 4362 ex
933 4322 982 4380 eo,
1001 4301 1089 4382 quod
1105 4301 1327 4370 macellatores
1339 4319 1394 4361 seu
1418 4299 1521 4361 carni·

259 4405 332 4467 lices
355 4407 528 4487 pretitulati
553 4408 628 4468 dicti
654 4409 736 4469 Petri
761 4409 885 4469 abbatis
903 4409 933 4468 in
954 4409 1096 4469 macellis
1113 4408 1224 4467 suiset
1241 4407 1317 4468 dicti
1334 4406 1519 4468 monasterii

258 4510 344 4590 juxta
368 4512 453 4573 idem
477 4513 706 4574 monasterium
731 4527 762 4574 et
785 4533 883 4595 penes
907 4513 1040 4574 fluvium
1067 4512 1297 4575 Medvednicza
1321 4512 1520 4595 appellatum

258 4636 294 4676 ac
316 4617 396 4678 circa
421 4618 536 4699 pedem
561 4619 667 4700 pontis
692 4619 835 4681 eiusdem
868 4619 955 4681 fluvii
982 4618 1135 4680 edificatis
1169 4632 1200 4679 ct
1233 4619 1360 4697 habitis,
1383 4637 1520 4700 peccora

257 4741 362 4783 macra
387 4736 417 4784 et
441 4723 608 4786 immunda
631 4738 663 4787 et
686 4725 884 4806 impregnata
916 4738 1065 4801 mactare,
1098 4724 1237 4805 ipsisque
1270 4724 1411 4785 dominis
1442 4723 1519 4786 dicti

258 4828 390 4913 capituli
414 4848 450 4890 ac
486 4829 588 4892 eciam
623 4831 693 4892 aliis
728 4830 915 4892 hominibus
950 4829 1069 4890 scilicet
1105 4828 1288 4891 domesticis
1323 4841 1353 4890 et
1387 4827 1520 4890 advenis
