3472 5242
265 1186 403 1269 Ihesus
431 1187 627 1284 christus,
654 1187 781 1271 ldaria
807 1190 923 1288 filius,
942 1189 985 1271 iu
1009 1189 1141 1272 secula
1167 1188 1365 1273 laudetur.
1392 1190 1530 1274 Amen.

371 1404 511 1479 Sequitur
533 1403 728 1464 aeramentum
751 1406 1016 1465 Prebendariorum
1039 1408 1070 1463 in
1097 1407 1173 1464 hanc
1187 1407 1340 1481 stamnum:

372 1544 443 1626 Ego
466 1545 506 1606 N.
531 1544 661 1623 detali,
685 1544 917 1626 prebendarius
929 1543 1017 1607 chori
1041 1545 1125 1606 alme
1142 1546 1275 1607 ecclesie
1299 1546 1525 1628 zagrabiensis,

265 1647 336 1730 juro
361 1663 392 1711 et
414 1649 568 1732 promitto
603 1650 745 1712 dominis
777 1663 808 1712 et
839 1649 988 1712 fratribus
1019 1651 1099 1712 meis
1141 1651 1361 1733 prebendariis
1386 1651 1528 1734 predicte

265 1756 398 1817 ecclesie
421 1756 637 1837 zagrabiensis
671 1754 870 1836 fidelitatem,
895 1757 1144 1838 promotionem,
1176 1759 1445 1840 procurationem.
1471 1757 1527 1818 Se-

264 1875 348 1923 creta
384 1860 487 1923 celare
512 1875 543 1922 et
566 1874 692 1940 statuta,
716 1863 970 1941 constitutiones,
1004 1862 1248 1944 laudabilesque
1281 1863 1528 1925 consvetudines

264 1965 408 2048 ipsorum
443 1966 576 2029 firmiter
612 1968 792 2047 observare,
825 1967 967 2030 debitam
998 1970 1208 2030 reverentiam
1242 1983 1273 2031 et
1306 1969 1525 2031 obedientiam

263 2073 385 2134 eisdem
409 2072 551 2135 dominis
573 2086 605 2134 et
628 2072 778 2135 fratribus
801 2074 881 2135 meis
904 2075 937 2136 in
961 2077 1056 2136 rebus
1080 2075 1175 2136 licitis
1199 2075 1369 2152 exhibere3
1387 2076 1431 2137 sic
1447 2075 1528 2136 deus

263 2199 315 2241 me
338 2179 468 2241 adiuvet
491 2193 522 2241 et
544 2178 602 2240 hec
625 2193 732 2240 sancta
756 2179 808 2242 dei
833 2181 1009 2262 evangelia.

365 2377 564 2435 Iuramentum
586 2376 696 2434 decani.
720 2376 784 2433 Hec
806 2383 848 2433 cst
859 2373 987 2452 famma:

366 2497 436 2579 Ego
459 2498 499 2560 N.
524 2496 653 2575 detali,
679 2496 817 2557 decanus
842 2495 1049 2557 dominorum
1080 2497 1366 2578 prebendariorum
1399 2499 1469 2559 iuro
1494 2512 1526 2559 et

261 2604 425 2685 promitto,
448 2603 536 2685 quod
560 2602 697 2664 fideliter
718 2602 949 2664 administrabo
980 2623 1111 2685 pernae
1143 2604 1282 2683 inventa,
1307 2617 1339 2665 et
1373 2604 1523 2665 solertem

261 2710 461 2791 diligentiam
486 2708 601 2771 faciam
626 2709 658 2770 in
681 2708 881 2791 procuranda
906 2709 1041 2769 utilitate
1067 2722 1098 2769 et
1120 2722 1294 2790 augmento
1326 2709 1424 2791 ipsius
1448 2728 1524 2771 con-

261 2815 476 2896 fraternitatis,
501 2829 532 2877 et
554 2814 643 2896 quod
667 2813 804 2875 fideliter
828 2815 1025 2875 conservabo
1049 2828 1113 2874 tam
1130 2814 1238 2876 oblata
1255 2835 1351 2896 quam
1369 2815 1524 2896 acquisita

261 2922 311 2984 vel
336 2922 445 2983 relicta
469 2921 574 2987 eidem
600 2918 869 2995 confraternitati;
893 2920 937 2980 sic
962 2940 1013 2981 me
1037 2919 1116 2981 deus
1140 2920 1269 2982 adiuvet
1292 2934 1324 2982 et
1339 2919 1397 2982 hec
1414 2934 1523 2982 sancta

261 3028 312 3090 dei
336 3029 515 3111 evangelia.

370 3225 458 3300 Quod
476 3226 574 3282 nullus
595 3224 774 3280 domitarum
795 3221 1052 3295 prebendariorum
1081 3229 1190 3278 recuset
1217 3239 1361 3279 assumere
1393 3222 1523 3295 affictam

259 3331 415 3389 decanatus
434 3331 486 3388 sub
500 3339 583 3404 pena
607 3326 655 3387 laic
676 3328 826 3400 descmpta.

374 3452 407 3513 ln
443 3470 528 3512 anno
565 3449 688 3510 domini
724 3447 897 3509 millesimo
933 3447 1249 3528 quadringentesimo
1285 3448 1522 3529 septuagesimo

259 3570 383 3635 octavo,
408 3558 439 3618 in
464 3556 574 3637 vigilia
599 3555 682 3616 beati
707 3553 876 3614 Laurencii
900 3553 1046 3613 martiris.
1071 3553 1121 3613 Ad
1153 3553 1335 3634 generalem
1364 3572 1521 3615 convoca-

258 3664 379 3725 tionem
404 3663 611 3724 dominorum
636 3659 924 3721 Prebendariorum
949 3659 1080 3719 ecclesie
1113 3660 1337 3741 zagrabiensis,
1362 3660 1395 3720 in
1420 3659 1521 3720 eccle-

258 3769 304 3830 sia
328 3768 426 3829 sancti
453 3767 605 3849 Stephani
630 3764 894 3847 prothomartiris,
919 3765 976 3845 ipsi
1009 3765 1153 3826 unanimi
1187 3779 1263 3827 voto
1295 3764 1523 3826 concluserunt

259 3874 291 3934 in
316 3874 473 3934 electione
496 3872 607 3933 decani
633 3884 664 3931 et
686 3869 749 3930 fine
774 3869 882 3930 debito
915 3870 1175 3948 terminaverunt,
1200 3870 1288 3952 quod
1322 3870 1520 3951 quicumque

259 3999 296 4040 ex
326 3978 446 4039 eisdem
479 3997 544 4038 non
576 3988 751 4037 assumeret
781 3973 923 4035 officium
949 3974 1121 4036 decanatus
1144 3974 1195 4036 vel
1220 3988 1388 4053 recusaret,
1421 3993 1520 4055 quem

258 4081 369 4145 fratres
393 4083 557 4164 elegerint,
582 4082 641 4142 erit
672 4081 812 4162 privatus
854 4080 1015 4141 consortio
1049 4094 1079 4162 et
1110 4082 1318 4162 proventibus
1349 4098 1521 4162 quousque

258 4188 406 4250 iratribus
429 4188 594 4272 placuerit.

365 4383 452 4457 Quod
472 4383 570 4439 nullus
585 4382 721 4455 fratrum
743 4386 853 4436 recuset
873 4381 903 4435 in
935 4381 1046 4451 negatio
1077 4379 1239 4437 Kalendini
1257 4388 1286 4438 et
1306 4381 1520 4438 communitatis

256 4489 392 4546 decanum
414 4488 588 4545 coadiuoare
609 4487 661 4544 sub
675 4495 756 4559 pena
778 4486 824 4542 hic
849 4493 994 4558 expressa.

360 4613 456 4671 Anno
480 4609 603 4670 domini
627 4605 800 4669 millesimo
824 4604 1141 4687 quadringentesimo
1157 4607 1392 4687 septuagesimo
1407 4606 1519 4686 tercio,

257 4714 290 4774 in
314 4715 424 4796 vigilia
447 4714 531 4776 beati
556 4713 720 4776 Laurentii
738 4713 886 4775 martiris.
903 4709 1035 4772 Domini
1053 4711 1258 4772 Prebendarii
1278 4710 1367 4773 chori
1384 4711 1520 4774 ecclesie
