3472 5242
235 383 273 445 52
292 366 295 371 ’
680 362 748 421 Doc.
764 375 808 437 49
835 395 872 403 -
891 361 939 420 An
965 358 1055 435 ¹50⁶·

233 591 275 645 Ad
294 591 419 643 lubricam
439 589 553 642 ecclesie
573 589 656 640 sancti
678 588 790 639 Emerici
817 624 1282 638 ..............
1309 585 1333 634 ll.
1354 585 1376 634 V

232 680 274 732 Ad
294 683 412 731 sanctum
432 678 600 730 Franciscum
638 713 854 728 .......
887 717 889 721 ,
920 711 1279 726 ...........
1306 673 1329 723 n.
1349 673 1370 722 V

234 751 276 821 rid
296 773 414 820 sanctum
434 766 581 831 Jobannem
603 765 735 830 Zagrabie
743 802 1280 815 ...............
1306 761 1331 810 ll.
1350 760 1372 810 V

234 858 277 909 Ad
295 856 438 908 heremitas
459 869 543 919 prope
564 854 722 919 Zagrabiam
741 887 1280 905 ................
1305 850 1329 900 tl.
1350 849 1371 899 V

231 944 272 999 Ad
292 941 436 1009 hospitalia
455 958 476 995 s.
495 943 640 1007 Elysabetb
660 947 686 993 et
706 940 821 992 civitatis
885 977 1281 990 ............
1308 937 1324 987 li
1354 938 1375 987 V

235 1031 423 1085 Prebendariis
442 1031 659 1096 zagrabiensibus
674 1065 1283 1080 ..................
1309 1026 1333 1075 ἣ.
1354 1025 1376 1076 V

234 1120 276 1173 Ad
295 1120 428 1184 hospitale
447 1135 468 1171 s.
489 1117 617 1170 Antbonii
636 1119 662 1169 in
682 1119 741 1169 vico
761 1117 912 1168 Lut'norum
927 1154 1283 1166 ...........
1309 1115 1334 1167 ti.
1354 1114 1386 1164 111

234 1209 398 1272 Pauperibus
418 1209 443 1259 in
462 1207 572 1271 prelatis
591 1205 769 1270 hospitalibus
791 1207 948 1270 degentibus
991 1243 1209 1255 .......
1240 1245 1243 1248 .
1275 1243 1279 1252 .
1308 1203 1323 1252 tl
1352 1201 1384 1252 Vl

234 1296 286 1347 Pro
306 1297 443 1361 psalterio,
463 1296 698 1346 recomendaclone
719 1299 745 1345 et
764 1295 925 1359 pauperibus
956 1331 1279 1343 ..........
1305 1290 1329 1342 d.
1351 1290 1371 1340 V

235 1383 275 1436 Ad
297 1385 440 1449 obsequias
461 1390 487 1435 et
507 1383 675 1447 peractiones
701 1384 799 1448 legavit
813 1417 1280 1434 ...............
1306 1379 1321 1428 tl
1354 1379 1373 1429 L

236 1472 422 1524 Prebendariis
443 1472 659 1537 zagrabiensibus
680 1471 777 1521 invita
797 1471 882 1534 ipsius
903 1471 1018 1535 magistri
1039 1471 1120 1532 Pauli,
1143 1469 1209 1518 dati.
1241 1508 1245 1515 .
1277 1509 1280 1514 .
1307 1466 1375 1519 mx

238 1559 343 1612 Eisdem
372 1561 553 1625 prebendariis
584 1575 631 1624 pro
664 1551 755 1610 debito
787 1558 919 1610 Dominici
951 1559 1096 1622 Perowytb,
1117 1572 1169 1622 quo
1196 1558 1280 1607 eidem

305 1650 435 1714 magistro
460 1650 542 1701 Paulo
570 1649 716 1714 obligabat,
736 1649 805 1712 quod
831 1648 931 1699 eisdem
960 1648 1096 1712 legaverat
1122 1652 1149 1697 et
1173 1647 1278 1697 tandem

305 1743 405 1788 mutata
423 1739 560 1789 voluntate
579 1738 611 1787 ad
637 1773 1281 1787 ..................
1306 1732 1321 1780 ll
1351 1730 1402 1782 XV

235 1825 377 1888 Limitavit,
397 1826 468 1876 dedit
487 1826 572 1876 lector
605 1861 1176 1876 .................
1242 1861 1247 1872 .
1278 1849 1282 1858 ·
1310 1821 1325 1870 tl
1353 1819 1398 1869 XV

234 1914 376 1965 Francisco
396 1914 571 1978 prebendario
644 1950 1286 1964 ...................
1312 1910 1336 1962 tl.
1356 1908 1378 1958 V

236 2002 488 2053 Reverendissimus
508 2001 628 2052 dominus
649 2001 794 2064 episcopus
813 2001 904 2051 habuit
926 2038 1284 2051 ...........
1310 1996 1333 2049 ti.
1354 1992 1379 2047 Ie

887 2123 993 2176 Summa
1013 2125 1099 2176 exitus
1121 2124 1183 2175 lacit
1208 2163 1213 2174 .
1244 2162 1249 2173 .
1280 2163 1284 2172 .
1310 2121 1334 2173 tl.
1354 2120 1400 2171 tlte

1062 2229 1183 2281 ¹Restant
1208 2270 1212 2280 .
1241 2268 1246 2279 .
1277 2270 1281 2277 .
1307 2226 1500 2279 tl.1111exxv1

342 2443 399 2508 Ego
425 2441 546 2493 Andreas
571 2443 769 2494 archidiaconus
791 2445 823 2493 de
843 2443 952 2494 Kemlel
971 2458 1001 2494 ac
1021 2443 1163 2494 canonicus
1183 2441 1297 2493 ecclesie
1318 2438 1499 2505 zagrabiensis

237 2534 262 2584 in
282 2533 423 2597 presencia
443 2532 694 2594 prenominatorum,
720 2531 934 2581 reverendissimi
956 2531 1053 2582 domini
1074 2531 1195 2594 episcopi
1216 2535 1267 2581 etc.
1286 2543 1315 2578 ac
1335 2526 1500 2579 dominorum

237 2621 373 2684 utriusque
393 2618 500 2682 capituli
521 2623 547 2669 et
567 2619 678 2669 aliorum
697 2620 842 2669 astancium
862 2620 989 2669 calculavi
1010 2625 1036 2668 et
1050 2619 1111 2669 ideo
1127 2617 1234 2681 propria
1248 2630 1323 2666 manu
1338 2615 1499 2680 consignavi.

343 2724 399 2790 Ego
419 2722 545 2775 Nicotaus
573 2722 743 2788 owycensis
763 2722 863 2774 racioni
882 2724 1004 2787 superius
1025 2726 1085 2775 date
1105 2738 1215 2787 presens
1234 2722 1348 2783 interlui,
1368 2721 1429 2772 ideo
1449 2720 1499 2771 biis

240 2828 315 2864 manu
336 2827 393 2863 mea
412 2812 522 2876 propria
541 2812 687 2876 subscripsi

344 2918 400 2983 Ego
418 2918 551 2984 Johannes
571 2916 755 2969 Kamarcensis
775 2919 898 2970 similiter
917 2919 1032 2972 interlui.

343 3025 400 3089 Ego
417 3023 550 3090 Jobannes
571 3022 746 3087 Gorycaensis
765 3000 887 3075 similiter
902 3023 1022 3089 interlui,
1044 3039 1119 3074 manu
1140 3023 1248 3087 propria
1267 3023 1421 3087 subscripsi.

344 3129 401 3194 Ego
419 3127 540 3179 Andreas
562 3128 642 3179 Bexln
662 3129 785 3180 similiter
805 3130 919 3191 interlui,
940 3144 1014 3180 manu
1035 3130 1151 3194 propria.

344 3233 400 3298 Ego
420 3233 570 3284 Anthonius
591 3234 713 3284 similiter
732 3235 847 3299 interlui,
867 3250 942 3286 manu
962 3237 1077 3299 propria.

344 3339 375 3390 Et
395 3354 446 3402 ego
475 3340 607 3403 Georgius
633 3341 665 3390 de
691 3340 849 3405 l’rasnycba,
869 3347 944 3392 natus
971 3340 1105 3405 Stephani,
1126 3342 1267 3393 cononicus
1294 3342 1407 3393 ecclesie
1427 3343 1500 3392 chas-

239 3429 344 3491 mensis‚
375 3428 509 3492 presbiter
535 3429 675 3492 dyoecesis
707 3430 899 3494 zagrabiensis,
931 3444 1008 3480 sacra
1036 3429 1164 3493 imperiali
1194 3431 1353 3481 auctoritate
1383 3430 1500 3480 notarius

239 3517 359 3579 publicus
379 3516 404 3565 in
424 3514 475 3565 biis
495 3514 627 3578 omnibus,
641 3530 691 3579 que
711 3517 892 3580 suprascripta
905 3522 972 3577 sunt,
987 3519 1046 3567 dum
1066 3518 1114 3581 sic,
1128 3523 1155 3567 ut
1170 3518 1338 3581 premittitur,
1352 3522 1501 3582 agerentur,

239 3618 349 3668 presens
368 3602 483 3667 interlui,
497 3604 592 3668 agique
611 3602 664 3654 vidi
684 3609 711 3653 et
730 3605 826 3668 audivi,
840 3606 872 3654 de
893 3606 988 3668 quibus
1008 3604 1083 3656 idem
1105 3612 1202 3656 certam
1216 3606 1285 3657 lacio
1299 3604 1501 3656 diliciotbabel-

239 3693 356 3743 lionatus
376 3692 426 3741 mei
446 3691 604 3754 requirente.

345 3795 377 3846 Et
405 3811 457 3861 ego
487 3795 605 3846 Matbeus
625 3796 748 3860 Gregorii
769 3798 800 3846 de
819 3795 1048 3860 Zenthgergnara,
1068 3799 1208 3861 presbiter,
1226 3798 1368 3850 canonicus
1388 3799 1501 3849 ecclesie

238 3885 429 3949 zagrabiensis,
450 3884 567 3933 eiusdem
594 3885 744 3949 dyoecesiS,
771 3898 846 3934 sacra
866 3885 994 3947 imperiali
1016 3886 1175 3937 auctoritate
1196 3889 1314 3938 notarius
1335 3887 1455 3951 publicus
1476 3887 1501 3936 in

239 3973 323 4023 literis
344 3973 465 4022 omnibus
487 3976 513 4021 et
533 3972 647 4036 registro
668 3972 793 4034 presenti,
815 3986 865 4035 que
882 3973 1066 4036 superscripta
1085 3979 1153 4039 sunt,
1167 3976 1226 4025 dum
1241 3975 1287 4039 sic,
1300 3980 1327 4025 ut
1341 3974 1502 4039 premittitur

239 4060 331 4111 sterent
352 4064 378 4110 et
393 4066 536 4123 agerentur
555 4074 664 4124 presens
684 4059 798 4121 interlui,
816 4074 900 4123 eaque
919 4061 973 4110 vidi
993 4068 1019 4111 et
1036 4062 1132 4127 audivi,
1145 4065 1177 4113 de
1198 4065 1291 4127 quibus
1311 4064 1388 4114 fidem
1403 4068 1500 4114 certam

240 4148 318 4212 lacio,
338 4147 427 4198 officio
447 4146 499 4198 mei
518 4147 714 4198 tbabelionatus
736 4146 894 4211 requirente,

1082 4273 1231 4324 Concordat
1250 4288 1298 4337 per
1314 4274 1402 4324 omnia
1415 4274 1500 4338 (cum)

1117 4362 1238 4426 originali
1256 4363 1405 4427 Jobannes.
1458 4401 1463 4412 .
1487 4401 1492 4412 .

1117 4451 1150 4499 de
1169 4450 1262 4512 Pades,
1283 4451 1436 4514 (notarius).

347 4673 461 4726 Rubrum
485 4677 637 4740 capitulare.
657 4675 683 4727 in
704 4676 800 4729 archiv.
821 4677 881 4728 incl.
900 4676 999 4729 Accad.
1021 4675 1119 4729 Sclent.
1140 4675 1242 4729 Slavor.
1263 4678 1354 4729 merid.
1375 4677 1404 4729 11.
1424 4692 1445 4728 c.
1458 4680 1499 4730 49.
