3472 5242
236 318 241 328 ⁸
265 352 322 416 192
682 335 756 396 Dac.
780 345 845 410 155.
870 368 912 377 -
936 335 993 393 An.
1018 329 1104 409 1516.

1380 439 1520 446 *-

259 564 461 627 solucionem
487 561 666 625 faciendam
691 580 805 643 cogere
830 575 861 623 et
884 560 1057 643 astringere
1071 560 1121 622 vel
1139 561 1171 621 in
1188 561 1256 642 ipsa
1272 559 1399 621 civitate
1416 573 1523 621 nostra

259 670 446 732 descensum
473 667 586 745 lacere,
611 681 641 729 et
666 667 752 750 ipsos
776 679 972 749 exponentes
1004 666 1055 727 vel
1079 666 1222 747 aliquem
1258 685 1370 728 eorum
1394 665 1427 726 in
1457 685 1527 747 per·

259 775 357 854 sonis,
372 776 532 854 rebusque
557 787 588 834 et
612 773 705 834 bonis
729 773 872 854 ipsorum
889 772 1056 854 impedire,
1072 773 1200 834 turbare
1224 791 1280 833 seu
1297 770 1412 852 quovis
1428 770 1527 832 modo

260 880 465 944 damnificare
498 899 562 941 non
595 878 795 961 presumatis,
829 879 907 960 quin
938 879 1051 960 pocius
1083 878 1214 941 eosdem
1250 879 1351 940 eciam
1386 878 1425 939 ab
1457 876 1528 938 aliis

259 987 477 1048 turbatoribus
500 986 593 1063 tueri,
617 998 796 1067 protegere,
810 998 1018 1047 manutenere
1037 985 1188 1046 debeatis.
1207 985 1305 1046 Secus
1321 1002 1386 1045 non
1405 981 1526 1044 facturi.

261 1093 464 1154 Presentibus
496 1091 654 1174 perlectis,
687 1091 846 1152 exhibenti
879 1091 1040 1152 restitutis.
1065 1091 1183 1152 Datum
1208 1090 1299 1152 Bude
1330 1088 1407 1151 feria
1431 1088 1528 1150 tercia

261 1200 405 1282 proxima
440 1212 513 1280 post
544 1196 659 1259 festum
691 1197 920 1259 decollacionis
952 1197 1035 1259 beati
1068 1197 1223 1258 iohannis
1253 1195 1399 1277 baptiste.
1431 1198 1527 1255 Anno

261 1305 385 1367 domini
410 1304 584 1366 millesimo
608 1303 868 1385 quingentesimo
893 1302 1019 1365 decimo
1043 1317 1167 1367 octavo

367 1443 502 1509 Originale
522 1445 546 1494 in
567 1444 665 1495 charta.
685 1443 713 1494 ln
732 1443 851 1508 margine
870 1441 990 1494 inferiori
1010 1444 1168 1508 impressum
1188 1447 1231 1494 est
1249 1443 1375 1508 sigillum.
1389 1441 1416 1492 ln
1430 1441 1528 1492 archiv·

263 1533 309 1586 lib.
331 1547 386 1599 reg.
406 1531 477 1584 civit.
497 1534 604 1598 zagrab.

854 1814 935 1880 155.

367 1976 445 2024 Anno
468 1972 542 2025 151⁸.
562 1973 606 2028 27.
625 1971 782 2026 decembris.
801 1972 900 2025 Budae.

262 2118 379 2175 Paulus
401 2117 434 2175 de
466 2117 585 2193 Warda,
611 2116 813 2175 thesaurarius
835 2117 943 2194 regrias,
975 2123 1063 2190 ragat
1089 2118 1245 2190 capr'tulum
1276 2118 1471 2192 zagrabiense,
1496 2123 1531 2173 ut

466 2225 557 2283 Petro
579 2224 748 2282 Berislaar'l
767 2223 842 2280 bana
865 2241 911 2281 res
933 2221 1144 2297 oppignoratae
1166 2224 1334 2294 reddantur,

367 2371 584 2435 Honorabiles
619 2371 742 2433 domini
771 2383 802 2432 et
835 2370 929 2432 amici
964 2371 1058 2432 nobis
1090 2370 1282 2433 honorandi.
1315 2371 1527 2452 lntelligimus

263 2468 562 2540 reverendissimum
601 2477 770 2538 dominum
805 2476 993 2558 episcopum
1028 2476 1303 2558 wesprimiensem
1339 2490 1370 2537 et
1404 2477 1528 2537 banum

263 2587 352 2669 regni
377 2585 511 2648 Croacie
536 2585 653 2647 habere
677 2583 815 2665 quasdas
838 2604 887 2646 res
911 2583 980 2645 istic
1003 2584 1089 2666 apud
1106 2602 1162 2645 vos
1186 2584 1426 2666 impignoratas,
1444 2601 1528 2662 quas

264 2693 349 2773 regia
375 2691 533 2770 Maiestas,
559 2690 709 2752 dominus
733 2701 839 2752 noster
862 2690 1126 2772 graciosissimus,
1140 2690 1234 2751 nobis
1258 2689 1414 2751 redimere
1439 2706 1528 2748 man-

264 2798 327 2860 dat.
364 2797 529 2878 Rogamus
564 2796 672 2876 itaque
697 2814 763 2872 vos,
788 2794 892 2856 velitis
927 2795 1010 2878 ipsas
1046 2815 1094 2856 res
1129 2794 1236 2857 eidem
1274 2794 1408 2856 domino
1443 2794 1528 2855 bano

263 2903 407 2980 reddere,
445 2901 564 2963 credita
599 2912 706 2962 autem
731 2913 762 2962 et
798 2901 950 2982 pecunias
985 2915 1103 2962 vestras
1140 2901 1179 2962 de
1216 2901 1352 2984 presenti
1385 2899 1530 2962 subsidio

264 3009 354 3070 istius
376 3007 465 3089 regni
491 3006 662 3069 Sclauonie
688 3006 727 3067 de
751 3006 845 3068 bonis
869 3008 980 3069 vestris
1004 3007 1098 3089 plene
1132 3021 1163 3069 et
1194 3007 1315 3088 integre
1348 3005 1529 3081 retineatis;

264 3133 322 3196 pro
346 3133 410 3195 qua
435 3133 468 3175 re
492 3113 675 3194 scripsimus
698 3125 729 3174 et
752 3112 885 3174 dicatori
910 3113 1055 3175 eiusdem
1082 3113 1172 3195 regni
1196 3127 1232 3174 ut
1250 3132 1306 3174 vos
1323 3126 1452 3195 propter
1469 3111 1529 3172 hoc

265 3220 315 3281 vel
340 3221 425 3281 bona
452 3231 556 3281 vestra
588 3218 764 3301 depredare
795 3239 851 3279 seu
887 3220 1002 3300 quovis
1036 3233 1130 3301 pacto
1165 3221 1291 3282 turbare
1323 3235 1530 3300 nequaquam

265 3325 391 3387 audeat.
416 3326 514 3388 Secus
538 3325 634 3407 igitur
657 3325 688 3385 in
714 3324 774 3385 hoc
799 3344 864 3387 non
889 3322 1022 3403 faciatis,
1055 3340 1085 3386 et
1117 3339 1277 3408 presentes
1308 3324 1438 3386 tandem
1472 3342 1530 3405 pro

265 3446 367 3494 vestra
399 3431 570 3514 superinde
602 3450 762 3493 reservare
795 3430 939 3512 poteritis
970 3431 1190 3513 expedicione.
1223 3431 1341 3491 Datum
1374 3430 1462 3490 Bude
1497 3430 1528 3490 in

266 3535 346 3599 festo
370 3538 454 3599 beati
479 3536 635 3599 lobannis
659 3535 796 3618 apostoli
829 3551 860 3598 et
890 3536 1106 3617 ewangeliste.
1143 3541 1238 3598 Anno
1274 3536 1396 3596 domini
1439 3536 1529 3615 1518.

793 3641 911 3704 Paulus
936 3642 975 3703 de
999 3642 1121 3703 Warda
1150 3642 1330 3724 prepositus
1353 3641 1452 3702 sancti
1483 3640 1530 3702 Si·

795 3747 971 3829 gismundi,
995 3747 1214 3809 thesaurarius
1238 3747 1344 3827 regius
1368 3759 1427 3808 etc.

370 3854 404 3918 (Α
424 3855 524 3919 tergo.)
546 3854 800 3916 Honorabilibus
825 3853 964 3915 dominis
997 3854 1224 3936 capitularibus
1256 3853 1388 3914 ecclesie
1422 3872 1528 3934 ragra-

266 3961 395 4040 biensis,
419 3961 559 4022 dominis
583 3973 613 4022 et
637 3961 748 4022 amicis
771 3960 865 4022 nobis
889 3959 1096 4022 honorandis.

372 4099 507 4165 originale
535 4100 561 4151 in
590 4101 686 4162 charta,
705 4114 721 4150 a
739 4104 816 4165 tergo
848 4100 1006 4164 impressum
1032 4100 1157 4165 sigillum.
1187 4097 1215 4150 ln
1241 4098 1338 4153 archiv.
1365 4115 1422 4152 ven.
1444 4101 1528 4165 Capit.

266 4189 372 4252 zagrab.
392 4187 451 4240 Act.
472 4188 557 4252 Capit.
578 4193 630 4240 ant.
650 4188 714 4240 lasa.
734 4187 777 4239 9⁵.
796 4202 834 4240 nr.
853 4189 896 4241 63.
