3472 5242
261 343 321 404 144
674 323 747 383 Dec.
772 334 839 396 119.
866 354 905 366 -
930 323 988 380 An.
1015 331 1098 395 1515.

1186 425 1516 432 -ὴ

256 550 389 613 tionem.
423 551 540 612 Datum
573 550 737 632 Strigonii.
769 554 864 611 Anno
893 548 1123 611 incarnationis
1157 547 1319 609 dominice
1349 547 1521 608 millesimo

257 657 517 739 quingentesimo
556 656 809 738 quintodecimo,
846 656 941 717 tertio
981 653 1054 716 ldus
1088 655 1278 717 decembris.
1315 651 1523 715 Pontificatus

256 764 445 825 sanctissimi
470 764 502 825 in
528 763 656 825 Christo
680 762 778 846 patris
801 776 832 824 et
855 761 980 823 domini
997 761 1108 840 nostri,
1125 759 1249 822 domini
1268 759 1396 836 Leonis,
1413 758 1522 819 divina

259 869 462 953 providentia
485 889 567 951 pape
593 868 720 946 decimi,
744 888 830 930 anno
854 867 958 929 tertio,

365 1009 503 1075 Originale
530 1011 556 1061 in
582 1011 741 1073 membrana,
760 1025 775 1060 a
795 1023 863 1060 zona
881 1009 984 1061 sericea
1002 1010 1135 1073 appendet
1154 994 1278 1071 sigillum.
1299 1006 1327 1056 ln
1346 1003 1443 1055 archiv.
1463 1017 1523 1053 ven.

258 1099 343 1164 Capit.
362 1112 434 1164 zagr.
454 1099 512 1149 het.
532 1103 584 1149 ant.
604 1098 667 1151 fasc.
689 1099 730 1150 79.
750 1112 788 1150 nr.
809 1096 849 1150 15.

850 1380 929 1446 119.

363 1522 438 1574 Anno
458 1521 645 1585 1⁵15‚1nense
666 1520 807 1575 decembri.
825 1506 944 1572 Casmae.

265 1647 428 1721 Capitulum
458 1650 598 1706 lasmerrse
629 1649 723 1722 refert
753 1647 900 1704 Vladislao
929 1647 995 1719 regi
1022 1645 1128 1703 nobiles
1159 1645 1275 1704 Meditr'
1301 1664 1454 1717 recusasse,
1489 1664 1525 1704 ne

258 1755 396 1812 alturista
414 1773 486 1812 urae
506 1773 540 1814 ss.
562 1753 717 1812 Trinitatis
737 1754 767 1809 in
780 1753 986 1825 possessionem
1003 1751 1140 1810 bonorum
1159 1752 1276 1826 Mlaka,
1296 1752 1379 1811 Plese
1400 1759 1428 1810 et
1446 1753 1525 1810 Kule

826 1860 967 1917 mittatur.

366 1998 576 2061 Serenissimo
600 1998 736 2081 principi
760 2011 791 2059 et
814 1997 959 2075 domino,
983 1997 1117 2060 domino
1141 1997 1323 2059 Wladislao
1345 1996 1397 2059 dei
1418 1996 1524 2079 gracia

262 2105 328 2186 regi
358 2105 523 2185 Hungarie
548 2118 579 2165 et
602 2104 756 2165 Bohemie
779 2116 838 2166 etc.
867 2104 1000 2165 domino
1025 2104 1168 2186 ipsorum
1189 2103 1337 2181 naturali,
1360 2102 1525 2184 graciosis-

260 2210 354 2288 simo,
378 2209 554 2292 capitulum
586 2209 718 2272 ecclesie
750 2208 945 2271 chasmensis
967 2207 1155 2270 fidelitatem
1178 2220 1377 2290 perpetuam,
1400 2206 1523 2268 oracio·

261 2334 405 2396 numque
429 2315 578 2397 suffragia
595 2315 794 2377 devotarum.
812 2314 922 2376 Vestra
940 2315 1065 2376 noverit
1082 2314 1243 2376 Serenitas
1259 2313 1365 2375 literas
1382 2313 1524 2375 eiusdem

262 2420 509 2484 introductoriae
540 2435 570 2482 et
601 2422 783 2483 statutorias
806 2421 900 2483 nobis
924 2421 1121 2503 preceptorie
1144 2422 1313 2502 loquentes
1337 2433 1367 2482 et
1391 2419 1525 2481 directas

261 2547 387 2589 summa
411 2547 484 2589 cum
508 2527 689 2589 reverencia
713 2527 867 2608 recepisse
892 2526 924 2588 in
949 2526 1006 2588 hec
1030 2527 1140 2588 verba:
1164 2526 1241 2608 (vid.
1267 2526 1423 2609 Doc.117.
1449 2543 1522 2586 ann.

268 2632 382 2714 1515.).
407 2634 473 2694 Nos
504 2633 612 2714 itaque
643 2631 801 2694 mandatis
834 2632 976 2695 eiusdem
1003 2633 1189 2695 Serenitatis
1210 2632 1320 2694 Vestre
1344 2650 1469 2713 semper
1493 2644 1524 2692 et

263 2739 295 2800 in
320 2739 470 2801 omnibus
494 2738 625 2800 obedire
650 2738 824 2819 cupientes,
849 2751 883 2799 ut
906 2751 1063 2816 tenemur,
1084 2757 1223 2799 unacum
1243 2738 1344 2799 nobili
1369 2737 1525 2798 Michaele

263 2842 536 2927 Gywrgekowyth
560 2842 600 2904 de
625 2844 786 2905 Marowcz
810 2843 941 2906 homine
965 2843 1109 2905 eiusdem
1128 2843 1313 2905 Serenitatis
1329 2844 1439 2904 Vestre
1456 2862 1526 2924 pre·

263 2950 360 3028 dicto,
392 2963 535 3011 nostrum
571 2948 747 3026 hominem,
780 2968 881 3010 unum
913 2970 950 3011 ex
986 2950 1090 3028 nobis,
1123 2948 1346 3011 honorabilem
1378 2948 1527 3010 videlicet

263 3053 433 3117 dominum
459 3054 634 3116 Martinam
654 3054 778 3116 socium
800 3068 831 3116 et
847 3056 1102 3117 concanonicum
1119 3069 1264 3117 nostrum
1281 3055 1321 3116 ad
1340 3055 1526 3137 premissam

263 3161 491 3223 execucionem
525 3175 554 3221 et
585 3159 721 3221 fideliter
754 3161 968 3242 peragendam
1003 3174 1112 3223 nostro
1135 3181 1194 3244 pro
1218 3160 1402 3222 testimonio
1427 3173 1526 3222 trans·

263 3267 461 3328 misissemus
492 3265 702 3348 fidedignum.
728 3267 793 3340 Qui
825 3267 953 3329 tandem
987 3268 1101 3328 exinde
1133 3267 1173 3329 ad
1206 3287 1264 3329 nos
1295 3267 1411 3328 reversi
1435 3267 1528 3328 nobis

264 3393 404 3434 consona
429 3393 506 3434 voce
532 3374 707 3435 retulerunt
730 3394 770 3435 eo
794 3374 904 3452 modo,
929 3373 1095 3455 quomodo
1118 3370 1259 3455 prelatus
1282 3373 1381 3434 homo
1402 3372 1527 3434 Sereni-

264 3479 336 3540 tatis
360 3479 470 3541 Vestre
495 3479 564 3560 ipso
589 3493 697 3540 nostro
721 3479 906 3541 testimonio
933 3492 1079 3561 presente
1104 3478 1182 3541 feria
1205 3493 1291 3541 sexta
1315 3492 1387 3540 ante
1412 3477 1526 3539 festum

265 3586 432 3647 beatorum
464 3584 605 3646 Simonis
634 3599 664 3646 et
696 3584 777 3646 Jude
809 3583 1055 3667 apostolorum'h
1091 3586 1235 3667 proxime
1270 3584 1456 3667 preteritum
1488 3583 1527 3644 ad

265 3689 360 3754 facies
383 3690 628 3772 prescriptarum
651 3691 889 3771 possessionum
913 3691 1043 3751 maioris
1067 3691 1184 3769 Mlaka,
1207 3710 1265 3751 nec
1289 3709 1353 3751 non
1377 3690 1472 3751 Plezo
1498 3703 1528 3750 ct

266 3796 373 3857 Kooth
401 3796 432 3857 in
454 3797 659 3878 Rakytowcz,
677 3809 973 3877 consequenterque
996 3796 1226 3858 antedictarum
1247 3797 1436 3878 porcionum
1454 3815 1527 3877 pos·
1552 3795 1569 3800 ”

265 3902 526 3962 sessionariarum
558 3898 671 3983 prelati
704 3901 868 3963 Michaelis
899 3902 1101 3984 prebendarii
1133 3901 1165 3963 in
1190 3902 1309 3963 eisdem
1335 3901 1527 3979 habitarum,

266 4006 378 4068 vicinis
401 4019 431 4068 et
454 4007 681 4068 commetaneis
705 4007 878 4068 earundem
901 4007 1056 4068 universis
1077 4007 1156 4068 inibi
1174 4007 1327 4088 legittime
1345 4007 1528 4068 convocatis

267 4127 297 4174 et
329 4114 528 4196 presentibus
559 4112 756 4192 accedentes,
785 4133 858 4174 cum
891 4127 1103 4175 memoratum
1136 4114 1322 4193 magistrum
1351 4112 1526 4193 Georgium

267 4218 468 4281 introducere
493 4219 524 4280 in
549 4219 730 4281 dominium
755 4219 941 4282 earumdem
966 4232 996 4281 et
1020 4221 1094 4281 dicti
1117 4219 1194 4301 juris
1216 4219 1399 4281 Serenitatis
1419 4220 1528 4281 Vestre

267 4324 345 4405 regii
378 4325 409 4384 in
440 4325 559 4386 eisdem
594 4325 704 4403 habiti,
728 4340 930 4407 statuereque
959 4327 1085 4388 easdem
1111 4340 1141 4387 et
1174 4326 1259 4387 idem
1289 4325 1409 4387 eisdem
1434 4324 1529 4385 simul

267 4449 340 4491 cum
374 4430 495 4490 cunctis
528 4430 702 4492 earundem
732 4431 921 4493 utilitatibus
949 4446 980 4494 ct
1003 4432 1207 4515 pertinenciis
1231 4431 1427 4513 quibuslibet
1459 4450 1528 4513 pre·

268 4537 360 4597 misse
385 4536 574 4597 donacionis
598 4536 741 4598 eiusdem
767 4537 950 4600 Serenitatis
974 4538 1084 4599 Vestre
1107 4539 1201 4600 titulo
1225 4538 1301 4619 ipsis
1325 4536 1529 4597 incumbente

374 4713 399 4778 ⁸)
413 4712 483 4763 llaec
503 4713 558 4763 dies
579 4711 732 4765 statutionis
752 4728 804 4764 non
824 4715 968 4766 concordat
987 4728 1044 4764 cum
1064 4714 1187 4764 mandato
1207 4711 1284 4776 regio
1303 4711 1383 4775 capit.
1400 4709 1529 4761 hasmensl

269 4801 331 4849 dato
352 4797 392 4852 ll'.
413 4802 569 4866 decembris,
589 4817 611 4854 e.
632 4816 691 4856 ann.
