3472 5242
282 374 340 435 190
698 357 864 433 Doc.155.
889 389 930 399 —
954 357 1013 421 An.
1038 352 1125 432 1518.

277 586 372 646 rebus
396 599 427 647 et
451 584 544 646 bonis
567 604 602 645 ac
627 584 758 662 civitati,
783 584 933 646 domibus
958 598 988 646 et
1011 584 1197 646 hominibus
1221 605 1256 646 ac
1281 585 1321 647 ad
1346 587 1432 667 ipsos
1448 585 1543 668 perti·

275 691 431 779 uentibus¹
447 689 633 752 huiusmodi
657 690 859 751 securitatem
883 703 947 752 tarn
973 711 1010 752 ex
1034 704 1122 772 parte
1155 692 1265 770 nostri,
1290 711 1386 773 quam
1413 692 1543 753 illorum

277 796 398 878 ubique
422 795 562 857 futuram
584 796 855 877 promitteremus,
888 796 967 878 quin
991 796 1103 878 pocius
1127 816 1185 877 pro
1209 796 1293 858 virili
1326 811 1433 858 nostra
1465 797 1490 857 si
1515 809 1546 856 et

277 902 309 963 in
334 915 491 983 quantum
516 901 600 982 regie
626 901 783 963 Maiestati
809 901 931 963 domini
951 902 1049 963 nostri
1066 903 1291 983 graciosissimi
1309 903 1407 963 iidem
1424 901 1545 979 fideles,

277 1008 437 1089 nobisque
461 1020 493 1068 et
515 1006 675 1067 mandatis
699 1007 815 1068 nostris
839 1007 1024 1088 obsequiosi
1047 1022 1120 1069 sunt
1145 1007 1254 1087 futuri,
1279 1008 1411 1069 eosdem
1435 1006 1544 1068 deien-

278 1114 363 1191 dere,
388 1113 469 1174 tueri
494 1132 529 1174 ac
553 1126 721 1194 protegere
745 1132 856 1174 sumus
880 1112 1003 1194 policiti
1029 1113 1130 1175 immo
1154 1115 1373 1196 promittimus
1397 1127 1428 1175 et
1451 1112 1545 1194 polli-

277 1239 387 1280 cemur
410 1218 524 1280 harum
548 1231 729 1279 nostrarum
754 1219 864 1300 vigore
889 1231 920 1279 et
943 1219 1128 1280 testimonio
1160 1221 1337 1282 litterarum
1371 1218 1545 1280 mediante.

280 1326 399 1388 Datum
423 1372 563 1388 .....

383 1448 587 1513 Etrausumpto
607 1448 716 1511 capituli
737 1450 930 1515 zagrabiensis,
950 1452 983 1501 de
1013 1464 1081 1501 anno
1108 1451 1182 1501 1518.
1203 1447 1231 1501 ln
1252 1447 1341 1500 archiv
1371 1448 1430 1499 incl.
1449 1447 1535 1497 decad

277 1538 370 1589 scient.
393 1534 497 1588 Slavor.
519 1538 613 1589 merid.

873 1714 953 1778 153.

389 1858 465 1905 Anno
488 1854 562 1904 1518.
583 1855 626 1904 23.
643 1853 718 1919 junii.
739 1853 894 1919 Zagrabiae.

288 1965 494 2022 Conmrunitate
517 1964 641 2020 civitatis
663 1972 783 2037 rogante
803 1964 960 2036 capitulum
983 1963 1174 2036 zagrabt'ense
1197 1965 1310 2021 litteras
1332 1963 1474 2037 praesidem
1498 1981 1546 2018 ex-

567 2059 570 2065 *
805 2072 927 2142 scriptu
950 2069 1013 2128 edz't.

385 2193 452 2252 Nos
477 2191 652 2273 capitulum
677 2190 811 2251 ecclesie
835 2189 1059 2271 zagrabiensis.
1094 2190 1249 2251 Memorie
1281 2189 1547 2251 commendamus

280 2312 390 2359 tenore
426 2298 626 2379 presencium
662 2295 887 2377 significantes,
927 2296 1045 2375 quibus
1083 2294 1211 2376 expedit
1246 2296 1411 2358 universis.
1449 2294 1548 2367 Quod

281 2404 529 2484 circumspectus
554 2403 601 2463 vir
626 2401 764 2462 Michael
789 2400 979 2482 Oprasnych
996 2400 1090 2482 judex
1109 2414 1139 2462 et
1161 2402 1239 2462 civis
1262 2402 1397 2462 civitatis
1415 2400 1546 2461 Montis·

279 2510 439 2590 grecensis
463 2508 495 2569 in
519 2528 576 2568 sua
601 2528 636 2568 ac
660 2507 763 2568 tocius
787 2507 1027 2567 communitatis
1059 2507 1193 2567 civitatis
1227 2507 1370 2569 eiusdem
1404 2506 1548 2588 personis

280 2628 421 2676 nostram
445 2613 656 2695 personaliter
679 2612 810 2673 veniens
835 2612 867 2672 in
891 2613 1090 2693 presenciam
1114 2612 1257 2673 exhibuit
1291 2626 1321 2674 et
1354 2611 1547 2693 presentavit

280 2720 374 2781 nobis
398 2718 553 2800 quasdam
578 2718 668 2778 binas
691 2717 821 2794 litteras,
846 2730 995 2798 utrasque
1021 2717 1199 2778 munimem
1224 2732 1255 2778 et
1280 2718 1444 2798 exemplar
1464 2716 1546 2777 obli·

279 2826 433 2906 gatoriale
458 2825 490 2885 in
514 2843 547 2884 se
571 2823 771 2884 continentes
795 2837 826 2882 et
850 2822 1039 2884 denotantes
1056 2823 1089 2883 in
1106 2824 1218 2904 papiro
1236 2825 1294 2883 sub
1315 2844 1380 2884 uno
1397 2834 1546 2883 contextu

280 2930 440 2992 confectas
465 2944 495 2991 et
517 2942 691 3007 emanatas,
716 2947 848 3010 unoque
872 2942 903 2990 et
927 2928 1041 2990 eodem
1067 2929 1175 3009 sigillo
1200 2929 1455 2991 reverendissimi
1488 2928 1546 2987 do—

281 3037 360 3098 mini
384 3036 468 3097 Petri
495 3035 630 3117 Eeryzlo
656 3033 798 3115 episcopi
823 3034 956 3096 ecclesie
987 3034 1246 3114 wesprimiensis,
1271 3054 1395 3096 necnon
1432 3050 1545 3113 regno·

280 3163 351 3204 rum
376 3141 552 3219 Dalmacie,
578 3140 712 3201 Croacie
737 3153 768 3200 et
792 3140 963 3202 Sclauonie
999 3139 1073 3199 bani
1109 3153 1167 3199 etc.
1202 3152 1297 3220 prout
1328 3140 1430 3221 prima
1466 3136 1546 3197 facie

281 3249 454 3330 apparebat
478 3247 584 3309 clause
609 3247 803 3327 obsignatas,
827 3262 938 3328 petens
963 3266 1021 3307 nos
1053 3245 1160 3306 debita
1184 3266 1257 3306 cum
1280 3245 1444 3321 instancia,
1468 3262 1546 3324 qua-

279 3366 371 3414 tenus
395 3365 541 3413 tenorem
565 3351 739 3413 earundem
764 3351 803 3412 de
828 3354 927 3414 verbo
951 3351 992 3412 ad
1016 3353 1150 3412 verbum
1174 3352 1241 3411 sine
1266 3350 1486 3411 diminucione
1515 3362 1545 3409 et

281 3473 455 3539 augmento
480 3456 611 3538 aliquali
629 3457 829 3537 presentibus
845 3458 957 3519 litteris
975 3457 1090 3518 nostris
1119 3457 1285 3517 transcribi
1312 3469 1343 3516 et
1358 3453 1545 3516 transummi

282 3565 498 3644 dignaremur.
524 3563 670 3636 Quarum
695 3563 797 3644 prime
820 3578 850 3624 et
883 3565 977 3624 unius
1001 3564 1033 3623 in
1058 3563 1137 3623 serie
1161 3576 1254 3624 tenor
1277 3562 1349 3623 talis
1373 3573 1434 3621 est:
1460 3557 1547 3640 (vide

283 3669 361 3730 Doc.
393 3691 462 3748 151.
487 3667 526 3729 de
563 3686 648 3727 anno
688 3666 792 3748 1518.)
829 3668 975 3730 Secunde
1012 3688 1088 3729 vero
1121 3682 1151 3728 et
1183 3668 1312 3729 alterius
1347 3665 1547 3726 continencia

282 3773 419 3833 verbalis
443 3788 509 3834 erat
532 3771 735 3832 huiusmodi:
761 3754 845 3853 (vide
871 3774 949 3836 Doc.
980 3795 1049 3853 152.
1075 3774 1114 3835 de
1138 3793 1223 3835 anno
1253 3771 1357 3853 1518.)
1377 3769 1468 3833 Unde
1487 3789 1547 3831 nos

282 3877 372 3959 justis
404 3892 434 3938 et
466 3878 526 3958 juri
563 3879 712 3937 consonis
747 3878 961 3959 peticionibus
993 3881 1134 3940 annotati
1161 3879 1327 3940 Michaelis
1359 3875 1548 3958 Oprasnych

283 3984 381 4044 modo
406 4002 472 4063 quo
490 4002 584 4064 supra
601 3985 754 4062 porrectis
771 4000 957 4065 annuentes,
974 3986 1162 4067 prescriptas
1186 3985 1275 4045 binas
1303 3984 1422 4044 litteras
1449 3982 1549 4044 modo

282 4089 436 4170 premisso
461 4088 621 4151 coniectas
646 4101 677 4148 et
701 4102 873 4168 emanatas,
899 4092 937 4153 de
964 4092 1060 4151 verbo
1086 4092 1125 4152 ad
1150 4093 1283 4151 verbum
1316 4090 1382 4150 sine
1408 4087 1550 4151 diminu-

283 4195 375 4257 cione
407 4208 437 4254 et
469 4205 643 4275 augmento
679 4196 810 4276 aliquali
847 4198 1047 4277 presentibus
1078 4197 1190 4258 litteris
1222 4195 1337 4255 nostris
1368 4197 1553 4275 patentibus

283 4299 378 4360 inseri
415 4312 445 4359 et
478 4298 606 4361 inscribi
644 4296 794 4362 facientes
832 4302 901 4382 lege
939 4303 1028 4383 regni
1066 4304 1258 4383 requirente,
1298 4301 1415 4381 quibus
1455 4325 1553 4388 supra

242 4484 243 4491 ἵ
282 4403 432 4465 duximus
456 4403 679 4468 concedendas
702 4407 778 4486 juris
803 4407 947 4488 ipsorum
972 4408 1112 4469 uberiori
1139 4429 1195 4491 pro
1220 4407 1353 4468 cautela.
1379 4408 1502 4477 Datum
1521 4416 1555 4480 in

282 4508 392 4589 vigilia
416 4510 499 4570 beati
524 4511 680 4574 lohannis
704 4514 849 4596 baptiste.
875 4519 971 4576 Anno
997 4513 1120 4575 domini
1155 4514 1326 4576 millesimo
1359 4517 1560 4603 quingente.

282 4614 365 4675 simo
389 4613 515 4678 decimo
538 4632 664 4681 octavo.

389 4734 524 4801 Originale
544 4743 570 4794 ln
599 4741 697 4799 charta.
718 4746 741 4794 Α
763 4749 842 4809 tergo
862 4742 1005 4807 vestigium
1024 4739 1107 4806 sigilli
1133 4744 1296 4812 capitularis.
1327 4745 1355 4799 ln
1375 4752 1480 4814 archiv.
1502 4763 1570 4828 incl,

283 4824 382 4876 Acead.
402 4824 498 4878 scient.
519 4827 627 4883 slavor.
650 4835 745 4886 merid.
