3472 5242
247 340 309 382 222
664 321 738 382 Doc.
761 317 830 399 176.
855 355 898 364 -
921 322 979 386 An.
1004 334 1093 398 1523.

246 546 462 629 zagrabiensia
485 545 638 629 predicte,
663 546 832 608 dominum
865 559 895 608 et
918 547 1077 628 prelatum
1110 560 1265 626 nostrum,
1299 568 1334 610 ac
1365 548 1512 610 similiter

246 653 422 715 nonnullos
446 651 620 714 familiares
643 672 679 713 ac
710 653 879 714 servitores
910 665 941 714 et
972 652 1160 734 jobagiones
1191 653 1266 715 dicti
1298 654 1511 737 episcopatus,

245 780 301 842 per
325 778 590 840 consequensque
621 757 765 820 eiusdem
797 757 921 819 domini
954 758 1095 820 Simonis
1128 758 1270 841 episcopi
1300 760 1443 841 partibus
1474 779 1511 821 ex

244 866 306 927 alia
331 865 459 927 racione
483 877 513 925 et
537 876 682 944 pretextu
706 877 866 926 certorum
898 878 1028 926 actuum
1060 865 1332 946 potenciariorum
1367 887 1385 928 a
1418 867 1511 928 certis

245 971 338 1033 annis
370 970 454 1031 ultro
487 971 631 1051 citroque
667 982 842 1050 utcumque
877 971 1134 1049 commissorum,
1170 971 1256 1032 varie
1291 971 1372 1050 lites,
1407 991 1511 1050 cause,

245 1075 428 1138 differcncie
453 1095 488 1136 ac
512 1075 801 1140 controversiarum
825 1076 957 1137 materie
989 1090 1075 1137 mote
1099 1090 1130 1138 et
1168 1077 1315 1139 suscitate
1339 1091 1434 1158 atque
1459 1098 1511 1138 ex-

245 1197 313 1245 orte
338 1182 475 1257 luerint;
499 1195 606 1242 tamen
630 1201 689 1242 nos
713 1181 858 1242 volentes
887 1183 1043 1263 expensis,
1066 1181 1247 1264 fatigiisque
1281 1199 1312 1244 et
1337 1183 1512 1262 laboribus,

245 1308 307 1370 que
334 1289 366 1350 in
393 1288 677 1370 prosecucionibus
714 1287 888 1348 earundem
913 1307 1078 1349 causarum
1110 1287 1177 1350 fieri
1213 1302 1344 1370 possent
1373 1309 1512 1371 parcere,

245 1394 371 1456 easdem
398 1414 517 1472 causas,
542 1393 613 1455 lites
638 1406 668 1455 et
692 1394 979 1455 controversiarum
1016 1394 1164 1456 materias
1196 1393 1314 1456 lactum
1347 1395 1511 1457 dumtaxat

245 1514 374 1562 actuum
405 1500 674 1582 potenciariorum
706 1513 873 1581 tangentes
904 1513 934 1560 et
970 1513 1197 1562 concernentes
1232 1500 1397 1583 hucusque
1429 1502 1511 1563 inter

244 1626 303 1667 nos
328 1620 358 1668 et
382 1606 421 1667 ad
447 1626 506 1668 nos
529 1620 560 1667 et
583 1605 731 1666 eclesiam
757 1619 898 1667 nostram
931 1606 1125 1687 pertinentes
1149 1619 1179 1666 et
1203 1620 1382 1688 spectantes
1406 1607 1508 1687 quali-

244 1727 433 1793 tercumque
462 1726 492 1773 et
520 1711 828 1793 quomodocumque
865 1730 901 1772 ac
932 1711 1129 1793 ubicumque
1165 1712 1310 1773 subortas
1345 1726 1375 1774 et
1397 1727 1509 1791 motas,

243 1819 382 1900 demptis
406 1819 509 1879 causis
532 1817 819 1899 prebendariorum
852 1816 1004 1878 ecclesiae
1028 1831 1194 1899 prenotate
1226 1836 1263 1880 ac
1287 1818 1358 1880 aliis
1390 1818 1508 1881 lactum

243 1923 444 2006 proprietatis
487 1937 518 1985 et
550 1922 769 2005 perpetuitatis
807 1923 1021 2003 tangentibus,
1060 1923 1223 2001 revisioni,
1262 1924 1443 2005 cognicioni
1480 1938 1510 1986 et

245 2029 493 2107 adiudicacioni,
521 2027 673 2110 finalique
691 2027 891 2090 conclusioni
916 2029 1034 2110 egregii
1060 2029 1202 2110 magistri
1239 2029 1390 2112 Stephani
1421 2031 1507 2091 Hen-

244 2134 356 2217 czelffy
381 2135 419 2195 de
444 2135 618 2210 Petrowcz,
642 2132 757 2214 judicis
780 2134 867 2194 curie
891 2135 976 2215 regie
1001 2155 1036 2195 ac
1069 2135 1156 2215 regni
1183 2134 1354 2198 Sclauonie
1377 2135 1509 2218 protho-

244 2241 358 2302 notarii
395 2261 452 2301 nec
477 2259 542 2300 non
566 2252 724 2300 certorum
751 2239 893 2306 iudicum
918 2240 1077 2301 nobilium
1111 2260 1147 2301 ac
1178 2239 1355 2319 juratorum
1388 2262 1507 2303 asseso·

243 2366 314 2407 rum
339 2347 507 2407 comitatus
523 2345 736 2426 zagrabiensis
752 2365 808 2427 per
823 2345 962 2407 eundem
979 2346 1166 2427 magistrum
1190 2346 1387 2427 Stephanum
1410 2368 1508 2430 penes

243 2471 276 2513 se
301 2451 525 2532 eligendorum
550 2450 700 2511 duximus
723 2451 966 2530 submittendas,
981 2452 1081 2513 immo
1105 2453 1312 2514 submisimus
1335 2473 1373 2514 eo
1398 2454 1507 2532 modo,

243 2571 278 2619 ut
300 2556 449 2638 quitquid
475 2556 559 2617 idem
585 2557 735 2638 magister
763 2556 943 2638 Stephanus
975 2557 1162 2640 Henczelffy
1186 2559 1447 2640 prothonotarius
1478 2573 1509 2621 et

243 2664 297 2725 alii
323 2663 487 2745 prescripti
513 2661 590 2723 feria
616 2676 702 2723 sexta
726 2677 798 2744 post
823 2661 938 2725 festum
967 2663 1220 2745 Epiphaniarum
1253 2664 1388 2743 domini,
1422 2685 1507 2726 nunc

242 2783 413 2831 venturum
436 2781 467 2830 et
490 2768 560 2829 aliis
584 2768 697 2828 diebus
721 2768 760 2828 ad
785 2768 816 2829 id
841 2769 923 2850 aptis
940 2783 970 2831 et
986 2768 1217 2831 sufficientibus
1233 2770 1283 2832 hic
1301 2771 1456 2851 Zagrabie
1474 2771 1507 2832 in

243 2876 356 2952 causis,
369 2875 489 2952 litibus,
504 2873 705 2951 differenciis,
719 2875 1007 2935 controversiarum
1021 2875 1161 2936 materiis
1173 2876 1373 2956 pretitulatis,
1388 2875 1505 2939 factum

243 2995 277 3042 ut
301 2978 467 3063 prefertur,
492 2993 621 3041 actuum
645 2980 916 3061 potenciariorum
940 2981 1155 3061 tangentibus,
1173 2982 1312 3063 exceptis
1328 2982 1420 3044 dictis
1436 3002 1507 3064 pre·

225 3085 406 3148 'bendariis
443 3100 474 3148 ct
498 3086 569 3147 aliis
593 3086 739 3167 superius
763 3085 921 3147 denotatis
946 3084 1086 3163 fecerint,
1112 3085 1374 3166 adjudicaverint,
1395 3087 1507 3168 judici·
1539 3138 1542 3145 .

241 3192 397 3273 aliterque
410 3191 657 3253 deliberaverint
670 3211 705 3252 ac
723 3190 860 3252 finaliter
873 3191 1097 3269 concluserint,
1114 3191 1145 3252 id
1164 3205 1258 3273 atque
1273 3213 1308 3254 ea
1327 3193 1435 3255 omnia
1449 3214 1507 3276 pro

242 3311 321 3375 rato,
345 3310 447 3378 grato,
472 3297 563 3358 firmo
587 3311 683 3378 atque
701 3297 930 3358 inviolabiliter
946 3298 1115 3359 observare
1140 3298 1357 3379 promisimus,
1374 3301 1506 3381 promit-

242 3405 404 3485 timusque
429 3403 542 3464 harum
567 3417 746 3464 nostrarum
771 3403 881 3483 vigore
908 3416 938 3464 et
961 3403 1146 3464 testimonio
1181 3404 1355 3466 literarum.
1388 3405 1506 3466 Datum

244 3509 320 3570 feria
344 3510 483 3571 secunda
509 3511 539 3570 in
565 3510 674 3588 vigilia
699 3508 950 3591 Epiphaniarum
977 3509 1111 3571 domini.
1137 3513 1232 3570 Anno
1254 3509 1377 3571 domini
1403 3511 1506 3572 mille-

243 3615 325 3675 simo
350 3615 608 3696 quingentesimo
633 3614 789 3695 vigesimo
814 3615 923 3676 tercio.

347 3727 482 3790 originale
497 3728 522 3777 in
536 3729 633 3778 charta.
645 3727 671 3777 ln
688 3729 784 3776 archiv.
796 3742 844 3777 ven
867 3729 951 3792 Capit.
965 3730 1072 3792 zagrab.
1087 3729 1143 3780 Act.
1157 3729 1218 3792 Cap.
1232 3733 1283 3779 ant.
1299 3729 1363 3780 fasc.
1375 3731 1416 3780 67.
1429 3745 1466 3779 nr.
1481 3732 1505 3780 9.

835 4009 916 4076 176.

346 4132 418 4181 Anno
441 4132 516 4181 1523.
541 4133 562 4182 l.
583 4131 716 4180 februarii.
737 4128 893 4194 Zagrabiae.

246 4240 350 4297 Coram
381 4242 555 4312 rrmgistrnlrc
589 4241 714 4297 ciuitatis
752 4240 893 4313 Georgius
918 4240 1075 4299 Sovaeirouii
1099 4250 1250 4314 pararunt
1277 4243 1389 4300 (larrium
1423 4263 1506 4300 suum

253 4335 257 4343 ⁵
321 4347 482 4401 incohatam
500 4365 574 4418 agro
597 4346 726 4403 Emerici
747 4348 864 4415 literali,
887 4349 941 4420 qui
960 4349 1037 4403 ultro
1053 4359 1098 4423 35
1115 4348 1184 4422 flor.
1209 4352 1423 4408 annumeravit.

347 4458 414 4518 Nos
439 4457 586 4536 Michael,
611 4457 695 4519 filius
728 4458 859 4537 Mathei,
895 4458 1002 4539 judex,
1037 4459 1185 4538 Michael,
1221 4460 1391 4542 Georgius,
1427 4462 1506 4523 alter

243 4561 413 4642 Georgius,
438 4563 603 4644 Martinus,
630 4563 775 4641 Mathias,
800 4564 963 4642 Nicolaus,
989 4563 1149 4645 Georgius
1182 4579 1212 4627 et
1236 4567 1314 4628 alter
1344 4567 1504 4648 Georgius

241 4666 345 4745 jurati,
370 4660 598 4756 consiliarii'et
622 4669 761 4730 universi
797 4670 881 4731 cives
914 4671 1049 4732 civitatis
1076 4672 1195 4733 montis
1226 4671 1405 4759 Grecensis.
1437 4673 1504 4734 Me-

241 4772 342 4832 morie
367 4772 632 4835 commendamus
655 4787 765 4837 tenore
781 4775 983 4856 presencium
1001 4774 1223 4857 significantes,
1241 4777 1359 4858 quibus
1375 4776 1504 4860 expedit
