<?xml version="1.0" encoding="UTF-8"?>
<!DOCTYPE html PUBLIC "-//W3C//DTD XHTML 1.0 Transitional//EN"
    "http://www.w3.org/TR/xhtml1/DTD/xhtml1-transitional.dtd">
<html xmlns="http://www.w3.org/1999/xhtml" xml:lang="en" lang="en">
 <head>
  <title>
</title>
<meta http-equiv="Content-Type" content="text/html;charset=utf-8" />
  <meta name='ocr-system' content='tesseract 3.04.00' />
  <meta name='ocr-capabilities' content='ocr_page ocr_carea ocr_par ocr_line ocrx_word'/>
</head>
<body>
  <div class='ocr_page' id='page_1' title='image "./monumentahistor12laszgoog_0336.png"; bbox 0 0 3472 5242; ppageno 0'>
   <div class='ocr_carea' id='block_1_1' title="bbox 661 358 1091 439">
    <p class='ocr_par' dir='ltr' id='par_1_1' title="bbox 661 358 1091 439">
     <span class='ocr_line' id='line_1_1' title="bbox 661 358 1091 439; baseline 0.012 -21"><span class='ocrx_word' id='word_1_1' title='bbox 661 363 735 423; x_wconf 83' lang='lat' dir='ltr'>Boc.</span> <span class='ocrx_word' id='word_1_2' title='bbox 760 358 833 424; x_wconf 82' lang='lat'><em>166.</em></span> <span class='ocrx_word' id='word_1_3' title='bbox 856 396 898 405; x_wconf 94' lang='lat'>—</span> <span class='ocrx_word' id='word_1_4' title='bbox 922 365 979 422; x_wconf 83' lang='lat' dir='ltr'>An.</span> <span class='ocrx_word' id='word_1_5' title='bbox 1003 375 1091 439; x_wconf 80' lang='lat'><em>1520.</em></span> 
     </span>
    </p>
   </div>
   <div class='ocr_carea' id='block_1_2' title="bbox 248 589 1512 778">
    <p class='ocr_par' dir='ltr' id='par_1_2' title="bbox 248 589 1512 778">
     <span class='ocr_line' id='line_1_2' title="bbox 249 589 1512 674; baseline 0.005 -23"><span class='ocrx_word' id='word_1_6' title='bbox 249 591 368 652; x_wconf 91' lang='lat' dir='ltr'>Datum</span> <span class='ocrx_word' id='word_1_7' title='bbox 393 591 484 652; x_wconf 88' lang='lat' dir='ltr'>Bude</span> <span class='ocrx_word' id='word_1_8' title='bbox 509 590 540 651; x_wconf 91' lang='lat' dir='ltr'>in</span> <span class='ocrx_word' id='word_1_9' title='bbox 565 589 645 651; x_wconf 86' lang='lat' dir='ltr'>festo</span> <span class='ocrx_word' id='word_1_10' title='bbox 670 591 865 652; x_wconf 81' lang='lat' dir='ltr'>visitacionis</span> <span class='ocrx_word' id='word_1_11' title='bbox 896 591 1077 653; x_wconf 79' lang='lat' dir='ltr'>beatissime</span> <span class='ocrx_word' id='word_1_12' title='bbox 1109 592 1241 674; x_wconf 88' lang='lat' dir='ltr'>virginis</span> <span class='ocrx_word' id='word_1_13' title='bbox 1273 595 1383 656; x_wconf 91' lang='lat' dir='ltr'>Marie.</span> <span class='ocrx_word' id='word_1_14' title='bbox 1418 600 1512 656; x_wconf 84' lang='lat' dir='ltr'>Anno</span> 
     </span>
     <span class='ocr_line' id='line_1_3' title="bbox 248 697 1029 778; baseline 0.003 -21"><span class='ocrx_word' id='word_1_15' title='bbox 248 697 372 757; x_wconf 88' lang='lat' dir='ltr'>domini</span> <span class='ocrx_word' id='word_1_16' title='bbox 397 697 557 757; x_wconf 90' lang='lat' dir='ltr'>milesimo</span> <span class='ocrx_word' id='word_1_17' title='bbox 580 697 839 777; x_wconf 89' lang='lat' dir='ltr'>quingentesimo</span> <span class='ocrx_word' id='word_1_18' title='bbox 863 698 1029 778; x_wconf 82' lang='lat' dir='ltr'>vigesimo</span> 
     </span>
    </p>
   </div>
   <div class='ocr_carea' id='block_1_3' title="bbox 355 833 1362 905">
    <p class='ocr_par' dir='ltr' id='par_1_3' title="bbox 355 833 1362 905">
     <span class='ocr_line' id='line_1_4' title="bbox 355 833 1362 905; baseline 0.006 -19"><span class='ocrx_word' id='word_1_19' title='bbox 355 837 490 901; x_wconf 85' lang='lat' dir='ltr'>originale</span> <span class='ocrx_word' id='word_1_20' title='bbox 511 837 535 887; x_wconf 89' lang='lat' dir='ltr'>iu</span> <span class='ocrx_word' id='word_1_21' title='bbox 555 837 653 888; x_wconf 85' lang='lat' dir='ltr'>charta.</span> <span class='ocrx_word' id='word_1_22' title='bbox 674 833 701 887; x_wconf 87' lang='lat' dir='ltr'>lu</span> <span class='ocrx_word' id='word_1_23' title='bbox 722 837 838 902; x_wconf 81' lang='lat' dir='ltr'>margine</span> <span class='ocrx_word' id='word_1_24' title='bbox 859 838 977 889; x_wconf 77' lang='lat' dir='ltr'>interiori</span> <span class='ocrx_word' id='word_1_25' title='bbox 998 837 1154 902; x_wconf 88' lang='lat' dir='ltr'>inpressum</span> <span class='ocrx_word' id='word_1_26' title='bbox 1174 846 1215 890; x_wconf 90' lang='lat' dir='ltr'>est</span> <span class='ocrx_word' id='word_1_27' title='bbox 1236 840 1362 905; x_wconf 88' lang='lat' dir='ltr'>sigillum.</span> 
     </span>
    </p>
   </div>
   <div class='ocr_carea' id='block_1_4' title="bbox 791 1121 874 1186">
    <p class='ocr_par' dir='ltr' id='par_1_4' title="bbox 791 1121 874 1186">
     <span class='ocr_line' id='line_1_5' title="bbox 791 1121 874 1186; baseline -0.024 -2"><span class='ocrx_word' id='word_1_28' title='bbox 791 1121 874 1186; x_wconf 87' lang='grc'><strong>166.</strong></span> 
     </span>
    </p>
   </div>
   <div class='ocr_carea' id='block_1_5' title="bbox 354 1279 776 1345">
    <p class='ocr_par' dir='ltr' id='par_1_5' title="bbox 354 1279 776 1345">
     <span class='ocr_line' id='line_1_6' title="bbox 354 1279 776 1345; baseline 0.002 -16"><span class='ocrx_word' id='word_1_29' title='bbox 354 1285 430 1330; x_wconf 78' lang='lat' dir='ltr'>Anno</span> <span class='ocrx_word' id='word_1_30' title='bbox 450 1279 526 1332; x_wconf 85' lang='lat'>1⁵20.</span> <span class='ocrx_word' id='word_1_31' title='bbox 547 1281 569 1330; x_wconf 85' lang='lat'>2.</span> <span class='ocrx_word' id='word_1_32' title='bbox 588 1280 658 1345; x_wconf 80' lang='lat' dir='ltr'>Julii.</span> <span class='ocrx_word' id='word_1_33' title='bbox 679 1279 776 1330; x_wconf 88' lang='lat' dir='ltr'>Budae.</span> 
     </span>
    </p>
   </div>
   <div class='ocr_carea' id='block_1_6' title="bbox 247 1407 1508 1590">
    <p class='ocr_par' dir='ltr' id='par_1_6' title="bbox 247 1407 1508 1590">
     <span class='ocr_line' id='line_1_7' title="bbox 247 1407 1508 1483; baseline 0.002 -19"><span class='ocrx_word' id='word_1_34' title='bbox 247 1407 409 1465; x_wconf 62' lang='lat' dir='ltr'>audoveus</span> <span class='ocrx_word' id='word_1_35' title='bbox 433 1408 485 1483; x_wconf 81' lang='lat' dir='ltr'>ll,</span> <span class='ocrx_word' id='word_1_36' title='bbox 523 1407 623 1478; x_wconf 83' lang='lat' dir='ltr'>Hung.</span> <span class='ocrx_word' id='word_1_37' title='bbox 654 1414 702 1466; x_wconf 79' lang='lat' dir='ltr'>etc.</span> <span class='ocrx_word' id='word_1_38' title='bbox 734 1426 797 1478; x_wconf 83' lang='lat' dir='ltr'>rex,</span> <span class='ocrx_word' id='word_1_39' title='bbox 832 1407 952 1462; x_wconf 77' lang='lat' dir='ltr'>mandat</span> <span class='ocrx_word' id='word_1_40' title='bbox 972 1407 1063 1480; x_wconf 81' lang='lat' dir='ltr'>banis,</span> <span class='ocrx_word' id='word_1_41' title='bbox 1100 1415 1134 1463; x_wconf 83' lang='lat' dir='ltr'>ut</span> <span class='ocrx_word' id='word_1_42' title='bbox 1165 1408 1304 1464; x_wconf 67' lang='lat' dir='ltr'>nobilibus</span> <span class='ocrx_word' id='word_1_43' title='bbox 1338 1409 1508 1482; x_wconf 72' lang='lat' dir='ltr'>quibusdam</span> 
     </span>
     <span class='ocr_line' id='line_1_8' title="bbox 288 1511 1466 1590; baseline 0.004 -21"><span class='ocrx_word' id='word_1_44' title='bbox 288 1514 468 1588; x_wconf 81' lang='lat' dir='ltr'>praedicant,</span> <span class='ocrx_word' id='word_1_45' title='bbox 485 1532 528 1590; x_wconf 82' lang='lat' dir='ltr'>¹ne</span> <span class='ocrx_word' id='word_1_46' title='bbox 551 1532 570 1568; x_wconf 85' lang='lat' dir='ltr'>a</span> <span class='ocrx_word' id='word_1_47' title='bbox 593 1513 700 1569; x_wconf 74' lang='lat' dir='ltr'>cibibus</span> <span class='ocrx_word' id='word_1_48' title='bbox 722 1511 958 1586; x_wconf 77' lang='lat' dir='ltr'>zagrabiensibus</span> <span class='ocrx_word' id='word_1_49' title='bbox 981 1521 1040 1585; x_wconf 83' lang='lat' dir='ltr'>pro</span> <span class='ocrx_word' id='word_1_50' title='bbox 1062 1531 1150 1569; x_wconf 82' lang='lat' dir='ltr'>merce</span> <span class='ocrx_word' id='word_1_51' title='bbox 1180 1515 1315 1570; x_wconf 80' lang='lat' dir='ltr'>tribulum</span> <span class='ocrx_word' id='word_1_52' title='bbox 1339 1517 1466 1588; x_wconf 79' lang='lat' dir='ltr'>exigant.</span> 
     </span>
    </p>
   </div>
   <div class='ocr_carea' id='block_1_7' title="bbox 247 1665 1511 4906">
    <p class='ocr_par' dir='ltr' id='par_1_7' title="bbox 898 1665 1402 1732">
     <span class='ocr_line' id='line_1_9' title="bbox 898 1665 1402 1732; baseline 0.004 -15"><span class='ocrx_word' id='word_1_53' title='bbox 898 1665 1056 1718; x_wconf 87' lang='lat' dir='ltr'>Commissio</span> <span class='ocrx_word' id='word_1_54' title='bbox 1076 1669 1185 1731; x_wconf 86' lang='lat' dir='ltr'>propria</span> <span class='ocrx_word' id='word_1_55' title='bbox 1205 1667 1302 1718; x_wconf 88' lang='lat' dir='ltr'>domiui</span> <span class='ocrx_word' id='word_1_56' title='bbox 1322 1669 1402 1732; x_wconf 87' lang='lat' dir='ltr'>regis.</span> 
     </span>
    </p>

    <p class='ocr_par' dir='ltr' id='par_1_8' title="bbox 247 1756 1511 4906">
     <span class='ocr_line' id='line_1_10' title="bbox 356 1756 1511 1837; baseline 0 -19"><span class='ocrx_word' id='word_1_57' title='bbox 356 1758 540 1820; x_wconf 88' lang='lat' dir='ltr'>Ludouicus</span> <span class='ocrx_word' id='word_1_58' title='bbox 564 1756 615 1817; x_wconf 91' lang='lat' dir='ltr'>dei</span> <span class='ocrx_word' id='word_1_59' title='bbox 639 1756 744 1837; x_wconf 79' lang='lat' dir='ltr'>gracia</span> <span class='ocrx_word' id='word_1_60' title='bbox 768 1776 821 1817; x_wconf 82' lang='lat' dir='ltr'>rex</span> <span class='ocrx_word' id='word_1_61' title='bbox 847 1756 1012 1837; x_wconf 90' lang='lat' dir='ltr'>Hungarie</span> <span class='ocrx_word' id='word_1_62' title='bbox 1037 1771 1067 1817; x_wconf 89' lang='lat' dir='ltr'>et</span> <span class='ocrx_word' id='word_1_63' title='bbox 1092 1757 1246 1818; x_wconf 90' lang='lat' dir='ltr'>Bohemie</span> <span class='ocrx_word' id='word_1_64' title='bbox 1268 1770 1326 1819; x_wconf 89' lang='lat' dir='ltr'>etc.</span> <span class='ocrx_word' id='word_1_65' title='bbox 1345 1757 1511 1819; x_wconf 91' lang='lat' dir='ltr'>Fidelibus</span> 
     </span>
     <span class='ocr_line' id='line_1_11' title="bbox 249 1846 1511 1945; baseline 0 -20"><span class='ocrx_word' id='word_1_66' title='bbox 249 1864 363 1925; x_wconf 90' lang='lat' dir='ltr'>nostris</span> <span class='ocrx_word' id='word_1_67' title='bbox 387 1882 559 1945; x_wconf 86' lang='lat' dir='ltr'>regnorum</span> <span class='ocrx_word' id='word_1_68' title='bbox 584 1876 766 1923; x_wconf 90' lang='lat' dir='ltr'>nostrorum</span> <span class='ocrx_word' id='word_1_69' title='bbox 791 1862 966 1940; x_wconf 90' lang='lat' dir='ltr'>Dalmacie,</span> <span class='ocrx_word' id='word_1_70' title='bbox 991 1846 1125 1923; x_wconf 84' lang='lat' dir='ltr'>Croacie</span> <span class='ocrx_word' id='word_1_71' title='bbox 1150 1877 1180 1922; x_wconf 91' lang='lat' dir='ltr'>et</span> <span class='ocrx_word' id='word_1_72' title='bbox 1215 1863 1385 1924; x_wconf 89' lang='lat' dir='ltr'>Sclauonie</span> <span class='ocrx_word' id='word_1_73' title='bbox 1420 1864 1511 1925; x_wconf 89' lang='lat' dir='ltr'>banis</span> 
     </span>
     <span class='ocr_line' id='line_1_12' title="bbox 249 1967 1510 2050; baseline 0 -20"><span class='ocrx_word' id='word_1_74' title='bbox 249 1970 399 2050; x_wconf 85' lang='lat' dir='ltr'>deinceps</span> <span class='ocrx_word' id='word_1_75' title='bbox 434 1968 664 2031; x_wconf 86' lang='lat' dir='ltr'>constituendis</span> <span class='ocrx_word' id='word_1_76' title='bbox 696 1967 832 2028; x_wconf 90' lang='lat' dir='ltr'>salutem</span> <span class='ocrx_word' id='word_1_77' title='bbox 862 1982 893 2028; x_wconf 89' lang='lat' dir='ltr'>et</span> <span class='ocrx_word' id='word_1_78' title='bbox 925 1969 1075 2048; x_wconf 86' lang='lat' dir='ltr'>graciam.</span> <span class='ocrx_word' id='word_1_79' title='bbox 1113 1969 1159 2028; x_wconf 88' lang='lat' dir='ltr'>Ex</span> <span class='ocrx_word' id='word_1_80' title='bbox 1194 1969 1333 2048; x_wconf 88' lang='lat' dir='ltr'>querelis</span> <span class='ocrx_word' id='word_1_81' title='bbox 1366 1968 1510 2031; x_wconf 84' lang='lat' dir='ltr'>fidelium</span> 
     </span>
     <span class='ocr_line' id='line_1_13' title="bbox 248 2072 1510 2156; baseline -0.001 -20"><span class='ocrx_word' id='word_1_82' title='bbox 248 2090 430 2137; x_wconf 90' lang='lat' dir='ltr'>nostrorum</span> <span class='ocrx_word' id='word_1_83' title='bbox 455 2076 758 2156; x_wconf 89' lang='lat' dir='ltr'>circumspectorum</span> <span class='ocrx_word' id='word_1_84' title='bbox 783 2073 897 2150; x_wconf 85' lang='lat' dir='ltr'>judicis</span> <span class='ocrx_word' id='word_1_85' title='bbox 928 2087 957 2133; x_wconf 88' lang='lat' dir='ltr'>et</span> <span class='ocrx_word' id='word_1_86' title='bbox 982 2072 1168 2152; x_wconf 82' lang='lat' dir='ltr'>juratorum,</span> <span class='ocrx_word' id='word_1_87' title='bbox 1194 2089 1437 2154; x_wconf 90' lang='lat' dir='ltr'>ceterorumque</span> <span class='ocrx_word' id='word_1_88' title='bbox 1467 2075 1510 2135; x_wconf 92' lang='lat' dir='ltr'>ci·</span> 
     </span>
     <span class='ocr_line' id='line_1_14' title="bbox 249 2180 1510 2242; baseline -0.001 0"><span class='ocrx_word' id='word_1_89' title='bbox 249 2182 336 2242; x_wconf 88' lang='lat' dir='ltr'>vium</span> <span class='ocrx_word' id='word_1_90' title='bbox 363 2196 394 2242; x_wconf 93' lang='lat' dir='ltr'>et</span> <span class='ocrx_word' id='word_1_91' title='bbox 417 2180 667 2242; x_wconf 88' lang='lat' dir='ltr'>inhabitatorum</span> <span class='ocrx_word' id='word_1_92' title='bbox 693 2180 828 2240; x_wconf 90' lang='lat' dir='ltr'>civitatis</span> <span class='ocrx_word' id='word_1_93' title='bbox 859 2192 964 2240; x_wconf 91' lang='lat' dir='ltr'>nostre</span> <span class='ocrx_word' id='word_1_94' title='bbox 996 2180 1115 2241; x_wconf 89' lang='lat' dir='ltr'>montis</span> <span class='ocrx_word' id='word_1_95' title='bbox 1147 2180 1315 2240; x_wconf 90' lang='lat' dir='ltr'>Grecensis</span> <span class='ocrx_word' id='word_1_96' title='bbox 1346 2200 1410 2241; x_wconf 91' lang='lat' dir='ltr'>non</span> <span class='ocrx_word' id='word_1_97' title='bbox 1442 2180 1510 2241; x_wconf 89' lang='lat' dir='ltr'>sine</span> 
     </span>
     <span class='ocr_line' id='line_1_15' title="bbox 248 2284 1510 2369; baseline 0 -23"><span class='ocrx_word' id='word_1_98' title='bbox 248 2287 454 2369; x_wconf 88' lang='lat' dir='ltr'>displicencia</span> <span class='ocrx_word' id='word_1_99' title='bbox 478 2286 670 2367; x_wconf 88' lang='lat' dir='ltr'>accepimus,</span> <span class='ocrx_word' id='word_1_100' title='bbox 695 2285 782 2365; x_wconf 94' lang='lat' dir='ltr'>quod</span> <span class='ocrx_word' id='word_1_101' title='bbox 806 2285 953 2365; x_wconf 90' lang='lat' dir='ltr'>quamvis</span> <span class='ocrx_word' id='word_1_102' title='bbox 985 2285 1045 2365; x_wconf 88' lang='lat' dir='ltr'>ipsi</span> <span class='ocrx_word' id='word_1_103' title='bbox 1077 2300 1107 2345; x_wconf 93' lang='lat' dir='ltr'>et</span> <span class='ocrx_word' id='word_1_104' title='bbox 1140 2284 1275 2365; x_wconf 89' lang='lat' dir='ltr'>quilibet</span> <span class='ocrx_word' id='word_1_105' title='bbox 1306 2305 1417 2347; x_wconf 92' lang='lat' dir='ltr'>eorum</span> <span class='ocrx_word' id='word_1_106' title='bbox 1454 2305 1510 2367; x_wconf 92' lang='lat' dir='ltr'>per</span> 
     </span>
     <span class='ocr_line' id='line_1_16' title="bbox 249 2390 1509 2472; baseline 0 -20"><span class='ocrx_word' id='word_1_107' title='bbox 249 2391 341 2454; x_wconf 90' lang='lat' dir='ltr'>divos</span> <span class='ocrx_word' id='word_1_108' title='bbox 364 2392 501 2454; x_wconf 90' lang='lat' dir='ltr'>condam</span> <span class='ocrx_word' id='word_1_109' title='bbox 527 2411 616 2471; x_wconf 84' lang='lat' dir='ltr'>reges</span> <span class='ocrx_word' id='word_1_110' title='bbox 641 2390 817 2470; x_wconf 87' lang='lat' dir='ltr'>Hungarie,</span> <span class='ocrx_word' id='word_1_111' title='bbox 842 2405 967 2451; x_wconf 90' lang='lat' dir='ltr'>nostros</span> <span class='ocrx_word' id='word_1_112' title='bbox 990 2390 1110 2451; x_wconf 88' lang='lat' dir='ltr'>scilicet</span> <span class='ocrx_word' id='word_1_113' title='bbox 1133 2391 1382 2472; x_wconf 88' lang='lat' dir='ltr'>predecessores,</span> <span class='ocrx_word' id='word_1_114' title='bbox 1400 2393 1509 2471; x_wconf 87' lang='lat' dir='ltr'>vigore</span> 
     </span>
     <span class='ocr_line' id='line_1_17' title="bbox 249 2495 1510 2581; baseline -0.002 -20"><span class='ocrx_word' id='word_1_115' title='bbox 249 2513 407 2561; x_wconf 90' lang='lat' dir='ltr'>certorum</span> <span class='ocrx_word' id='word_1_116' title='bbox 432 2498 673 2581; x_wconf 84' lang='lat' dir='ltr'>privilegiorum</span> <span class='ocrx_word' id='word_1_117' title='bbox 706 2512 736 2558; x_wconf 89' lang='lat' dir='ltr'>et</span> <span class='ocrx_word' id='word_1_118' title='bbox 769 2497 870 2558; x_wconf 89' lang='lat' dir='ltr'>eciam</span> <span class='ocrx_word' id='word_1_119' title='bbox 895 2517 951 2578; x_wconf 92' lang='lat' dir='ltr'>per</span> <span class='ocrx_word' id='word_1_120' title='bbox 982 2498 1181 2559; x_wconf 88' lang='lat' dir='ltr'>Maiestatem</span> <span class='ocrx_word' id='word_1_121' title='bbox 1213 2512 1377 2579; x_wconf 89' lang='lat' dir='ltr'>paternam</span> <span class='ocrx_word' id='word_1_122' title='bbox 1409 2495 1510 2558; x_wconf 82' lang='lat' dir='ltr'>felicis</span> 
     </span>
     <span class='ocr_line' id='line_1_18' title="bbox 249 2603 1509 2684; baseline -0.002 -18"><span class='ocrx_word' id='word_1_123' title='bbox 249 2606 402 2666; x_wconf 89' lang='lat' dir='ltr'>memorie</span> <span class='ocrx_word' id='word_1_124' title='bbox 426 2604 687 2666; x_wconf 83' lang='lat' dir='ltr'>confirmatorum</span> <span class='ocrx_word' id='word_1_125' title='bbox 722 2605 762 2664; x_wconf 91' lang='lat' dir='ltr'>ab</span> <span class='ocrx_word' id='word_1_126' title='bbox 793 2603 881 2664; x_wconf 92' lang='lat' dir='ltr'>omni</span> <span class='ocrx_word' id='word_1_127' title='bbox 912 2617 943 2663; x_wconf 91' lang='lat' dir='ltr'>et</span> <span class='ocrx_word' id='word_1_128' title='bbox 974 2604 1116 2684; x_wconf 91' lang='lat' dir='ltr'>qualibet</span> <span class='ocrx_word' id='word_1_129' title='bbox 1147 2604 1312 2666; x_wconf 87' lang='lat' dir='ltr'>tributaria</span> <span class='ocrx_word' id='word_1_130' title='bbox 1344 2604 1509 2664; x_wconf 93' lang='lat' dir='ltr'>solucione</span> 
     </span>
     <span class='ocr_line' id='line_1_19' title="bbox 249 2709 1509 2791; baseline -0.002 -19"><span class='ocrx_word' id='word_1_131' title='bbox 249 2711 353 2773; x_wconf 88' lang='lat' dir='ltr'>ubivis</span> <span class='ocrx_word' id='word_1_132' title='bbox 375 2712 406 2773; x_wconf 95' lang='lat' dir='ltr'>in</span> <span class='ocrx_word' id='word_1_133' title='bbox 431 2710 491 2771; x_wconf 88' lang='lat' dir='ltr'>hoc</span> <span class='ocrx_word' id='word_1_134' title='bbox 515 2729 614 2791; x_wconf 86' lang='lat' dir='ltr'>regno</span> <span class='ocrx_word' id='word_1_135' title='bbox 639 2722 669 2770; x_wconf 90' lang='lat' dir='ltr'>et</span> <span class='ocrx_word' id='word_1_136' title='bbox 692 2709 836 2790; x_wconf 88' lang='lat' dir='ltr'>partibus</span> <span class='ocrx_word' id='word_1_137' title='bbox 859 2709 919 2770; x_wconf 87' lang='lat' dir='ltr'>sibi</span> <span class='ocrx_word' id='word_1_138' title='bbox 944 2710 1094 2770; x_wconf 87' lang='lat' dir='ltr'>subiectis</span> <span class='ocrx_word' id='word_1_139' title='bbox 1111 2710 1249 2791; x_wconf 90' lang='lat' dir='ltr'>exempti</span> <span class='ocrx_word' id='word_1_140' title='bbox 1275 2710 1337 2771; x_wconf 90' lang='lat' dir='ltr'>sint</span> <span class='ocrx_word' id='word_1_141' title='bbox 1360 2724 1391 2770; x_wconf 90' lang='lat' dir='ltr'>et</span> <span class='ocrx_word' id='word_1_142' title='bbox 1414 2710 1509 2770; x_wconf 93' lang='lat' dir='ltr'>liber·</span> 
     </span>
     <span class='ocr_line' id='line_1_20' title="bbox 248 2815 1509 2896; baseline -0.002 -18"><span class='ocrx_word' id='word_1_143' title='bbox 248 2818 303 2879; x_wconf 90' lang='lat' dir='ltr'>tati</span> <span class='ocrx_word' id='word_1_144' title='bbox 338 2816 525 2893; x_wconf 87' lang='lat' dir='ltr'>habeantur,</span> <span class='ocrx_word' id='word_1_145' title='bbox 560 2815 659 2877; x_wconf 90' lang='lat' dir='ltr'>modo</span> <span class='ocrx_word' id='word_1_146' title='bbox 698 2829 806 2875; x_wconf 90' lang='lat' dir='ltr'>tamen</span> <span class='ocrx_word' id='word_1_147' title='bbox 841 2815 990 2876; x_wconf 92' lang='lat' dir='ltr'>nonnulli</span> <span class='ocrx_word' id='word_1_148' title='bbox 1027 2835 1064 2876; x_wconf 84' lang='lat' dir='ltr'>ex</span> <span class='ocrx_word' id='word_1_149' title='bbox 1098 2816 1239 2877; x_wconf 91' lang='lat' dir='ltr'>dominis</span> <span class='ocrx_word' id='word_1_150' title='bbox 1274 2829 1304 2876; x_wconf 89' lang='lat' dir='ltr'>et</span> <span class='ocrx_word' id='word_1_151' title='bbox 1339 2816 1509 2896; x_wconf 85' lang='lat' dir='ltr'>regnicolis</span> 
     </span>
     <span class='ocr_line' id='line_1_21' title="bbox 249 2920 1508 3002; baseline -0.003 -17"><span class='ocrx_word' id='word_1_152' title='bbox 249 2923 420 2985; x_wconf 88' lang='lat' dir='ltr'>Sclauonie</span> <span class='ocrx_word' id='word_1_153' title='bbox 444 2922 476 2983; x_wconf 93' lang='lat' dir='ltr'>in</span> <span class='ocrx_word' id='word_1_154' title='bbox 501 2921 594 2982; x_wconf 90' lang='lat' dir='ltr'>bonis</span> <span class='ocrx_word' id='word_1_155' title='bbox 619 2921 761 3002; x_wconf 91' lang='lat' dir='ltr'>ipsorum</span> <span class='ocrx_word' id='word_1_156' title='bbox 785 2933 816 2981; x_wconf 92' lang='lat' dir='ltr'>et</span> <span class='ocrx_word' id='word_1_157' title='bbox 839 2921 1001 3002; x_wconf 85' lang='lat' dir='ltr'>signanter</span> <span class='ocrx_word' id='word_1_158' title='bbox 1024 2922 1171 2982; x_wconf 91' lang='lat' dir='ltr'>homines</span> <span class='ocrx_word' id='word_1_159' title='bbox 1195 2923 1261 2983; x_wconf 87' lang='lat' dir='ltr'>sive</span> <span class='ocrx_word' id='word_1_160' title='bbox 1285 2920 1438 2982; x_wconf 84' lang='lat' dir='ltr'>officiales</span> <span class='ocrx_word' id='word_1_161' title='bbox 1462 2941 1508 2981; x_wconf 92' lang='lat' dir='ltr'>re-</span> 
     </span>
     <span class='ocr_line' id='line_1_22' title="bbox 247 3025 1505 3108; baseline -0.001 -20"><span class='ocrx_word' id='word_1_162' title='bbox 247 3029 467 3091; x_wconf 89' lang='lat' dir='ltr'>verendissimi</span> <span class='ocrx_word' id='word_1_163' title='bbox 492 3028 524 3088; x_wconf 91' lang='lat' dir='ltr'>in</span> <span class='ocrx_word' id='word_1_164' title='bbox 549 3027 678 3089; x_wconf 87' lang='lat' dir='ltr'>Christo</span> <span class='ocrx_word' id='word_1_165' title='bbox 702 3026 798 3108; x_wconf 89' lang='lat' dir='ltr'>patris</span> <span class='ocrx_word' id='word_1_166' title='bbox 822 3026 945 3087; x_wconf 92' lang='lat' dir='ltr'>domini</span> <span class='ocrx_word' id='word_1_167' title='bbox 970 3025 1106 3106; x_wconf 89' lang='lat' dir='ltr'>Thome,</span> <span class='ocrx_word' id='word_1_168' title='bbox 1131 3028 1214 3089; x_wconf 91' lang='lat' dir='ltr'>tituli</span> <span class='ocrx_word' id='word_1_169' title='bbox 1245 3028 1343 3088; x_wconf 87' lang='lat' dir='ltr'>sancti</span> <span class='ocrx_word' id='word_1_170' title='bbox 1377 3027 1505 3088; x_wconf 89' lang='lat' dir='ltr'>Martini</span> 
     </span>
     <span class='ocr_line' id='line_1_23' title="bbox 249 3132 1506 3214; baseline -0.002 -19"><span class='ocrx_word' id='word_1_171' title='bbox 249 3135 280 3196; x_wconf 92' lang='lat' dir='ltr'>in</span> <span class='ocrx_word' id='word_1_172' title='bbox 304 3135 467 3197; x_wconf 91' lang='lat' dir='ltr'>montibus</span> <span class='ocrx_word' id='word_1_173' title='bbox 491 3147 596 3194; x_wconf 87' lang='lat' dir='ltr'>sancte</span> <span class='ocrx_word' id='word_1_174' title='bbox 621 3152 752 3194; x_wconf 89' lang='lat' dir='ltr'>romane</span> <span class='ocrx_word' id='word_1_175' title='bbox 776 3132 910 3193; x_wconf 89' lang='lat' dir='ltr'>ecclesie</span> <span class='ocrx_word' id='word_1_176' title='bbox 936 3133 1100 3213; x_wconf 88' lang='lat' dir='ltr'>presbiteri</span> <span class='ocrx_word' id='word_1_177' title='bbox 1119 3132 1299 3210; x_wconf 87' lang='lat' dir='ltr'>cardinalis,</span> <span class='ocrx_word' id='word_1_178' title='bbox 1316 3133 1506 3214; x_wconf 85' lang='lat' dir='ltr'>strigonien-</span> 
     </span>
     <span class='ocr_line' id='line_1_24' title="bbox 248 3237 1508 3322; baseline -0.002 -21"><span class='ocrx_word' id='word_1_179' title='bbox 248 3241 299 3320; x_wconf 86' lang='lat' dir='ltr'>sis,</span> <span class='ocrx_word' id='word_1_180' title='bbox 324 3261 359 3301; x_wconf 90' lang='lat' dir='ltr'>ac</span> <span class='ocrx_word' id='word_1_181' title='bbox 384 3238 560 3322; x_wconf 89' lang='lat' dir='ltr'>patriarche</span> <span class='ocrx_word' id='word_1_182' title='bbox 586 3237 937 3319; x_wconf 91' lang='lat' dir='ltr'>Constantinopolitani</span> <span class='ocrx_word' id='word_1_183' title='bbox 963 3251 992 3297; x_wconf 88' lang='lat' dir='ltr'>et</span> <span class='ocrx_word' id='word_1_184' title='bbox 1016 3254 1123 3299; x_wconf 89' lang='lat' dir='ltr'>sancte</span> <span class='ocrx_word' id='word_1_185' title='bbox 1148 3239 1233 3299; x_wconf 90' lang='lat' dir='ltr'>sedis</span> <span class='ocrx_word' id='word_1_186' title='bbox 1263 3238 1437 3320; x_wconf 90' lang='lat' dir='ltr'>apostolice</span> <span class='ocrx_word' id='word_1_187' title='bbox 1468 3237 1508 3298; x_wconf 93' lang='lat' dir='ltr'>de</span> 
     </span>
     <span class='ocr_line' id='line_1_25' title="bbox 247 3343 1507 3426; baseline -0.002 -20"><span class='ocrx_word' id='word_1_188' title='bbox 247 3346 344 3406; x_wconf 89' lang='lat' dir='ltr'>latere</span> <span class='ocrx_word' id='word_1_189' title='bbox 370 3346 465 3426; x_wconf 88' lang='lat' dir='ltr'>legati</span> <span class='ocrx_word' id='word_1_190' title='bbox 490 3358 548 3406; x_wconf 91' lang='lat' dir='ltr'>etc.</span> <span class='ocrx_word' id='word_1_191' title='bbox 566 3345 650 3405; x_wconf 87' lang='lat' dir='ltr'>iuxta</span> <span class='ocrx_word' id='word_1_192' title='bbox 675 3358 775 3404; x_wconf 87' lang='lat' dir='ltr'>castra</span> <span class='ocrx_word' id='word_1_193' title='bbox 801 3343 944 3404; x_wconf 89' lang='lat' dir='ltr'>eiusdem</span> <span class='ocrx_word' id='word_1_194' title='bbox 969 3344 1212 3406; x_wconf 85' lang='lat' dir='ltr'>Jazthrebarzlta</span> <span class='ocrx_word' id='word_1_195' title='bbox 1231 3359 1260 3404; x_wconf 91' lang='lat' dir='ltr'>et</span> <span class='ocrx_word' id='word_1_196' title='bbox 1282 3343 1414 3425; x_wconf 83' lang='lat' dir='ltr'>Oltych;</span> <span class='ocrx_word' id='word_1_197' title='bbox 1432 3344 1507 3404; x_wconf 90' lang='lat' dir='ltr'>item</span> 
     </span>
     <span class='ocr_line' id='line_1_26' title="bbox 247 3448 1508 3532; baseline -0.002 -20"><span class='ocrx_word' id='word_1_198' title='bbox 247 3451 401 3513; x_wconf 79' lang='lat' dir='ltr'>officiales</span> <span class='ocrx_word' id='word_1_199' title='bbox 434 3451 564 3512; x_wconf 92' lang='lat' dir='ltr'>illustris</span> <span class='ocrx_word' id='word_1_200' title='bbox 595 3450 747 3532; x_wconf 90' lang='lat' dir='ltr'>principis</span> <span class='ocrx_word' id='word_1_201' title='bbox 777 3448 907 3529; x_wconf 90' lang='lat' dir='ltr'>Georgii</span> <span class='ocrx_word' id='word_1_202' title='bbox 945 3450 1138 3510; x_wconf 88' lang='lat' dir='ltr'>marchionis</span> <span class='ocrx_word' id='word_1_203' title='bbox 1170 3450 1508 3528; x_wconf 89' lang='lat' dir='ltr'>Brandemburgensis,</span> 
     </span>
     <span class='ocr_line' id='line_1_27' title="bbox 247 3555 1507 3649; baseline -0.002 -32"><span class='ocrx_word' id='word_1_204' title='bbox 247 3557 477 3649; x_wconf 75' lang='lat' dir='ltr'>consanguinei</span> <span class='ocrx_word' id='word_1_205' title='bbox 502 3556 598 3616; x_wconf 91' lang='lat' dir='ltr'>nostri</span> <span class='ocrx_word' id='word_1_206' title='bbox 625 3555 812 3633; x_wconf 89' lang='lat' dir='ltr'>charissimi,</span> <span class='ocrx_word' id='word_1_207' title='bbox 838 3555 923 3615; x_wconf 89' lang='lat' dir='ltr'>iuxta</span> <span class='ocrx_word' id='word_1_208' title='bbox 955 3569 1053 3616; x_wconf 89' lang='lat' dir='ltr'>castra</span> <span class='ocrx_word' id='word_1_209' title='bbox 1088 3557 1238 3637; x_wconf 85' lang='lat' dir='ltr'>Krapyna</span> <span class='ocrx_word' id='word_1_210' title='bbox 1270 3569 1300 3616; x_wconf 88' lang='lat' dir='ltr'>et</span> <span class='ocrx_word' id='word_1_211' title='bbox 1331 3556 1507 3635; x_wconf 80' lang='lat' dir='ltr'>Rogonok3</span> 
     </span>
     <span class='ocr_line' id='line_1_28' title="bbox 249 3661 1508 3743; baseline -0.001 -21"><span class='ocrx_word' id='word_1_212' title='bbox 249 3682 394 3722; x_wconf 90' lang='lat' dir='ltr'>necnon</span> <span class='ocrx_word' id='word_1_213' title='bbox 419 3680 573 3741; x_wconf 90' lang='lat' dir='ltr'>generose</span> <span class='ocrx_word' id='word_1_214' title='bbox 598 3661 728 3720; x_wconf 89' lang='lat' dir='ltr'>domine</span> <span class='ocrx_word' id='word_1_215' title='bbox 754 3661 853 3734; x_wconf 83' lang='lat' dir='ltr'>Elene</span> <span class='ocrx_word' id='word_1_216' title='bbox 886 3661 926 3721; x_wconf 91' lang='lat' dir='ltr'>de</span> <span class='ocrx_word' id='word_1_217' title='bbox 959 3661 1222 3743; x_wconf 88' lang='lat' dir='ltr'>Frangapanibus</span> <span class='ocrx_word' id='word_1_218' title='bbox 1254 3662 1338 3722; x_wconf 87' lang='lat' dir='ltr'>iuxta</span> <span class='ocrx_word' id='word_1_219' title='bbox 1371 3674 1508 3722; x_wconf 90' lang='lat' dir='ltr'>castrum</span> 
     </span>
     <span class='ocr_line' id='line_1_29' title="bbox 248 3765 1509 3847; baseline -0.002 -20"><span class='ocrx_word' id='word_1_220' title='bbox 248 3769 425 3842; x_wconf 90' lang='lat' dir='ltr'>Zamob0r;</span> <span class='ocrx_word' id='word_1_221' title='bbox 450 3766 568 3845; x_wconf 91' lang='lat' dir='ltr'>aliique</span> <span class='ocrx_word' id='word_1_222' title='bbox 585 3766 767 3846; x_wconf 90' lang='lat' dir='ltr'>complures</span> <span class='ocrx_word' id='word_1_223' title='bbox 791 3766 903 3826; x_wconf 88' lang='lat' dir='ltr'>similis</span> <span class='ocrx_word' id='word_1_224' title='bbox 921 3779 1018 3826; x_wconf 90' lang='lat' dir='ltr'>status</span> <span class='ocrx_word' id='word_1_225' title='bbox 1042 3780 1137 3847; x_wconf 89' lang='lat' dir='ltr'>atque</span> <span class='ocrx_word' id='word_1_226' title='bbox 1155 3765 1346 3827; x_wconf 82' lang='lat' dir='ltr'>officiolatus</span> <span class='ocrx_word' id='word_1_227' title='bbox 1361 3765 1509 3827; x_wconf 90' lang='lat' dir='ltr'>homines</span> 
     </span>
     <span class='ocr_line' id='line_1_30' title="bbox 248 3871 1508 3953; baseline -0.002 -20"><span class='ocrx_word' id='word_1_228' title='bbox 248 3885 358 3953; x_wconf 91' lang='lat' dir='ltr'>utputa</span> <span class='ocrx_word' id='word_1_229' title='bbox 384 3872 469 3932; x_wconf 89' lang='lat' dir='ltr'>iuxta</span> <span class='ocrx_word' id='word_1_230' title='bbox 493 3873 652 3952; x_wconf 87' lang='lat' dir='ltr'>Bosyalto,</span> <span class='ocrx_word' id='word_1_231' title='bbox 666 3885 803 3931; x_wconf 88' lang='lat' dir='ltr'>castrum</span> <span class='ocrx_word' id='word_1_232' title='bbox 828 3872 986 3951; x_wconf 90' lang='lat' dir='ltr'>prioratus</span> <span class='ocrx_word' id='word_1_233' title='bbox 1010 3876 1158 3933; x_wconf 89' lang='lat' dir='ltr'>Auranee</span> <span class='ocrx_word' id='word_1_234' title='bbox 1176 3887 1206 3933; x_wconf 90' lang='lat' dir='ltr'>et</span> <span class='ocrx_word' id='word_1_235' title='bbox 1223 3872 1398 3933; x_wconf 87' lang='lat' dir='ltr'>Zozedwar</span> <span class='ocrx_word' id='word_1_236' title='bbox 1421 3871 1508 3932; x_wconf 89' lang='lat' dir='ltr'>sirni-</span> 
     </span>
     <span class='ocr_line' id='line_1_31' title="bbox 248 3976 1508 4058; baseline 0 -20"><span class='ocrx_word' id='word_1_237' title='bbox 248 3979 319 4038; x_wconf 87' lang='lat' dir='ltr'>liter</span> <span class='ocrx_word' id='word_1_238' title='bbox 342 3991 451 4039; x_wconf 91' lang='lat' dir='ltr'>vocata</span> <span class='ocrx_word' id='word_1_239' title='bbox 477 3991 506 4038; x_wconf 88' lang='lat' dir='ltr'>et</span> <span class='ocrx_word' id='word_1_240' title='bbox 526 3976 704 4058; x_wconf 87' lang='lat' dir='ltr'>appellata;</span> <span class='ocrx_word' id='word_1_241' title='bbox 730 3976 880 4056; x_wconf 88' lang='lat' dir='ltr'>juxtaque</span> <span class='ocrx_word' id='word_1_242' title='bbox 906 3976 1066 4037; x_wconf 89' lang='lat' dir='ltr'>civitatem</span> <span class='ocrx_word' id='word_1_243' title='bbox 1090 3992 1230 4039; x_wconf 89' lang='lat' dir='ltr'>nostram</span> <span class='ocrx_word' id='word_1_244' title='bbox 1258 3977 1450 4039; x_wconf 86' lang='lat' dir='ltr'>Crisiensem</span> <span class='ocrx_word' id='word_1_245' title='bbox 1478 3989 1508 4038; x_wconf 90' lang='lat' dir='ltr'>et</span> 
     </span>
     <span class='ocr_line' id='line_1_32' title="bbox 247 4082 1505 4166; baseline -0.002 -21"><span class='ocrx_word' id='word_1_246' title='bbox 247 4084 408 4163; x_wconf 91' lang='lat' dir='ltr'>quandam</span> <span class='ocrx_word' id='word_1_247' title='bbox 445 4084 679 4166; x_wconf 90' lang='lat' dir='ltr'>possessionem</span> <span class='ocrx_word' id='word_1_248' title='bbox 717 4082 876 4144; x_wconf 90' lang='lat' dir='ltr'>nobilium</span> <span class='ocrx_word' id='word_1_249' title='bbox 901 4082 1055 4161; x_wconf 88' lang='lat' dir='ltr'>Bradach,</span> <span class='ocrx_word' id='word_1_250' title='bbox 1095 4084 1241 4145; x_wconf 88' lang='lat' dir='ltr'>Belawar</span> <span class='ocrx_word' id='word_1_251' title='bbox 1276 4097 1505 4165; x_wconf 90' lang='lat' dir='ltr'>nuncupatam,</span> 
     </span>
     <span class='ocr_line' id='line_1_33' title="bbox 247 4188 1507 4272; baseline 0 -22"><span class='ocrx_word' id='word_1_252' title='bbox 247 4204 396 4272; x_wconf 88' lang='lat' dir='ltr'>certaque</span> <span class='ocrx_word' id='word_1_253' title='bbox 419 4191 480 4250; x_wconf 91' lang='lat' dir='ltr'>alia</span> <span class='ocrx_word' id='word_1_254' title='bbox 505 4191 575 4251; x_wconf 90' lang='lat' dir='ltr'>loca</span> <span class='ocrx_word' id='word_1_255' title='bbox 600 4188 773 4264; x_wconf 88' lang='lat' dir='ltr'>constituti,</span> <span class='ocrx_word' id='word_1_256' title='bbox 791 4207 855 4248; x_wconf 91' lang='lat' dir='ltr'>non</span> <span class='ocrx_word' id='word_1_257' title='bbox 881 4189 997 4248; x_wconf 88' lang='lat' dir='ltr'>curatis</span> <span class='ocrx_word' id='word_1_258' title='bbox 1013 4189 1171 4250; x_wconf 91' lang='lat' dir='ltr'>dictorum</span> <span class='ocrx_word' id='word_1_259' title='bbox 1189 4189 1306 4250; x_wconf 92' lang='lat' dir='ltr'>civium</span> <span class='ocrx_word' id='word_1_260' title='bbox 1326 4203 1507 4250; x_wconf 90' lang='lat' dir='ltr'>nostrorum</span> 
     </span>
     <span class='ocr_line' id='line_1_34' title="bbox 247 4294 1507 4377; baseline 0 -22"><span class='ocrx_word' id='word_1_261' title='bbox 247 4296 455 4373; x_wconf 90' lang='lat' dir='ltr'>libertatibus,</span> <span class='ocrx_word' id='word_1_262' title='bbox 480 4296 610 4357; x_wconf 90' lang='lat' dir='ltr'>eosdem</span> <span class='ocrx_word' id='word_1_263' title='bbox 634 4307 832 4356; x_wconf 88' lang='lat' dir='ltr'>transeuntes</span> <span class='ocrx_word' id='word_1_264' title='bbox 856 4294 1025 4355; x_wconf 85' lang='lat' dir='ltr'>exaccione</span> <span class='ocrx_word' id='word_1_265' title='bbox 1043 4294 1183 4357; x_wconf 88' lang='lat' dir='ltr'>thelonei</span> <span class='ocrx_word' id='word_1_266' title='bbox 1202 4295 1394 4377; x_wconf 89' lang='lat' dir='ltr'>impedirent</span> <span class='ocrx_word' id='word_1_267' title='bbox 1411 4309 1507 4375; x_wconf 90' lang='lat' dir='ltr'>atque</span> 
     </span>
     <span class='ocr_line' id='line_1_35' title="bbox 247 4399 1507 4482; baseline 0.001 -21"><span class='ocrx_word' id='word_1_268' title='bbox 247 4403 451 4464; x_wconf 89' lang='lat' dir='ltr'>molestarent</span> <span class='ocrx_word' id='word_1_269' title='bbox 475 4403 507 4462; x_wconf 92' lang='lat' dir='ltr'>in</span> <span class='ocrx_word' id='word_1_270' title='bbox 531 4421 661 4482; x_wconf 86' lang='lat' dir='ltr'>gravem</span> <span class='ocrx_word' id='word_1_271' title='bbox 686 4400 834 4479; x_wconf 87' lang='lat' dir='ltr'>injuriam</span> <span class='ocrx_word' id='word_1_272' title='bbox 858 4400 1002 4482; x_wconf 87' lang='lat' dir='ltr'>ipsorum</span> <span class='ocrx_word' id='word_1_273' title='bbox 1028 4416 1058 4462; x_wconf 89' lang='lat' dir='ltr'>et</span> <span class='ocrx_word' id='word_1_274' title='bbox 1081 4402 1257 4482; x_wconf 89' lang='lat' dir='ltr'>dampnum</span> <span class='ocrx_word' id='word_1_275' title='bbox 1292 4399 1507 4462; x_wconf 83' lang='lat' dir='ltr'>manifestum.</span> 
     </span>
     <span class='ocr_line' id='line_1_36' title="bbox 248 4506 1506 4590; baseline -0.002 -22"><span class='ocrx_word' id='word_1_276' title='bbox 248 4507 475 4590; x_wconf 89' lang='lat' dir='ltr'>Supplicarunt</span> <span class='ocrx_word' id='word_1_277' title='bbox 498 4508 605 4587; x_wconf 89' lang='lat' dir='ltr'>itaque</span> <span class='ocrx_word' id='word_1_278' title='bbox 630 4506 786 4567; x_wconf 87' lang='lat' dir='ltr'>Maiestati</span> <span class='ocrx_word' id='word_1_279' title='bbox 809 4520 916 4567; x_wconf 92' lang='lat' dir='ltr'>nostre</span> <span class='ocrx_word' id='word_1_280' title='bbox 941 4506 1015 4567; x_wconf 91' lang='lat' dir='ltr'>dicti</span> <span class='ocrx_word' id='word_1_281' title='bbox 1042 4507 1136 4587; x_wconf 84' lang='lat' dir='ltr'>judex</span> <span class='ocrx_word' id='word_1_282' title='bbox 1163 4521 1192 4568; x_wconf 92' lang='lat' dir='ltr'>et</span> <span class='ocrx_word' id='word_1_283' title='bbox 1217 4507 1321 4588; x_wconf 90' lang='lat' dir='ltr'>jurati,</span> <span class='ocrx_word' id='word_1_284' title='bbox 1346 4507 1506 4586; x_wconf 91' lang='lat' dir='ltr'>ceterique</span> 
     </span>
     <span class='ocr_line' id='line_1_37' title="bbox 247 4611 1508 4694; baseline 0.001 -22"><span class='ocrx_word' id='word_1_285' title='bbox 247 4613 330 4673; x_wconf 91' lang='lat' dir='ltr'>cives</span> <span class='ocrx_word' id='word_1_286' title='bbox 354 4628 384 4674; x_wconf 93' lang='lat' dir='ltr'>et</span> <span class='ocrx_word' id='word_1_287' title='bbox 408 4612 636 4673; x_wconf 88' lang='lat' dir='ltr'>inhabitatores</span> <span class='ocrx_word' id='word_1_288' title='bbox 659 4624 796 4694; x_wconf 86' lang='lat' dir='ltr'>pretecte</span> <span class='ocrx_word' id='word_1_289' title='bbox 822 4612 958 4673; x_wconf 89' lang='lat' dir='ltr'>civitatis</span> <span class='ocrx_word' id='word_1_290' title='bbox 993 4625 1099 4674; x_wconf 91' lang='lat' dir='ltr'>nostre</span> <span class='ocrx_word' id='word_1_291' title='bbox 1130 4613 1248 4673; x_wconf 90' lang='lat' dir='ltr'>montis</span> <span class='ocrx_word' id='word_1_292' title='bbox 1280 4611 1449 4674; x_wconf 89' lang='lat' dir='ltr'>Grecensis</span> <span class='ocrx_word' id='word_1_293' title='bbox 1473 4624 1508 4673; x_wconf 93' lang='lat' dir='ltr'>ut</span> 
     </span>
     <span class='ocr_line' id='line_1_38' title="bbox 247 4717 1508 4800; baseline -0.001 -22"><span class='ocrx_word' id='word_1_294' title='bbox 247 4717 323 4798; x_wconf 87' lang='lat' dir='ltr'>ipsis</span> <span class='ocrx_word' id='word_1_295' title='bbox 355 4717 526 4799; x_wconf 86' lang='lat' dir='ltr'>superinde</span> <span class='ocrx_word' id='word_1_296' title='bbox 558 4717 597 4778; x_wconf 93' lang='lat' dir='ltr'>de</span> <span class='ocrx_word' id='word_1_297' title='bbox 629 4731 812 4800; x_wconf 90' lang='lat' dir='ltr'>opportuno</span> <span class='ocrx_word' id='word_1_298' title='bbox 843 4717 987 4780; x_wconf 89' lang='lat' dir='ltr'>remedio</span> <span class='ocrx_word' id='word_1_299' title='bbox 1019 4717 1187 4799; x_wconf 89' lang='lat' dir='ltr'>providere</span> <span class='ocrx_word' id='word_1_300' title='bbox 1222 4717 1449 4799; x_wconf 80' lang='lat' dir='ltr'>dignaremur3</span> <span class='ocrx_word' id='word_1_301' title='bbox 1477 4728 1508 4777; x_wconf 87' lang='lat' dir='ltr'>et</span> 
     </span>
     <span class='ocr_line' id='line_1_39' title="bbox 247 4821 1505 4906; baseline -0.001 -22"><span class='ocrx_word' id='word_1_302' title='bbox 247 4823 321 4903; x_wconf 91' lang='lat' dir='ltr'>quia</span> <span class='ocrx_word' id='word_1_303' title='bbox 346 4843 405 4884; x_wconf 89' lang='lat' dir='ltr'>nos</span> <span class='ocrx_word' id='word_1_304' title='bbox 436 4823 567 4885; x_wconf 85' lang='lat' dir='ltr'>eosdem</span> <span class='ocrx_word' id='word_1_305' title='bbox 598 4835 793 4906; x_wconf 87' lang='lat' dir='ltr'>exponentes</span> <span class='ocrx_word' id='word_1_306' title='bbox 825 4823 857 4885; x_wconf 91' lang='lat' dir='ltr'>in</span> <span class='ocrx_word' id='word_1_307' title='bbox 886 4823 979 4884; x_wconf 89' lang='lat' dir='ltr'>dictis</span> <span class='ocrx_word' id='word_1_308' title='bbox 1010 4842 1122 4885; x_wconf 86' lang='lat' dir='ltr'>eorum</span> <span class='ocrx_word' id='word_1_309' title='bbox 1154 4823 1353 4886; x_wconf 88' lang='lat' dir='ltr'>libertatibus</span> <span class='ocrx_word' id='word_1_310' title='bbox 1385 4821 1505 4884; x_wconf 86' lang='lat' dir='ltr'>illibate</span> 
     </span>
    </p>
   </div>
   <div class='ocr_carea' id='block_1_8' title="bbox 0 0 1740 5242">
    <p class='ocr_par' dir='ltr' id='par_1_9' title="bbox 0 0 1740 5242">
     <span class='ocr_line' id='line_1_40' title="bbox 0 0 1740 5242; baseline 0 0"><span class='ocrx_word' id='word_1_311' title='bbox 0 0 1740 5242; x_wconf 95' lang='lat' dir='ltr'> </span> 
     </span>
    </p>
   </div>
  </div>
 </body>
</html>
