3472 5242
240 309 298 371 160
668 312 746 372 Dor.
773 327 841 389 130.
866 315 968 372 -An.
995 313 1082 388 1516.

233 537 412 619 scripturas,
436 537 615 619 privilegia,
630 538 766 601 ubilibet
789 539 959 601 existencia
983 554 1161 622 presentem
1186 560 1314 603 causam
1338 554 1369 603 et
1395 563 1506 605 causas

234 643 412 723 tangencia,
436 643 554 724 quibus
578 643 672 725 plena
697 643 777 705 fides
806 644 950 706 adhiberi
987 646 1096 727 possit,
1120 645 1243 729 prelato
1279 646 1414 709 domino
1440 648 1502 710 De-

234 749 349 810 metrio
373 749 536 831 preposito
561 749 611 810 vel
637 750 705 811 eius
730 750 889 830 legittimo
913 751 1110 833 procuratori
1128 751 1168 813 ad
1185 752 1306 814 curiam
1328 752 1504 834 legacionis

234 853 407 917 deferenda
430 855 490 915 sub
515 855 606 937 penis
629 870 661 917 et
684 856 825 917 censuris
848 856 879 916 in
904 856 1017 918 litteris
1041 858 1196 939 expressis
1214 858 1369 919 extradari
1389 878 1505 922 monu-

234 960 328 1023 imus.
354 960 550 1022 Huiusmodi
576 975 684 1023 autem
709 975 815 1023 nostre
840 963 1054 1041 execucionis,
1079 962 1286 1024 inbibicionis
1309 977 1340 1026 et
1369 965 1505 1036 monici-

144 1110 157 1123 ..
234 1067 305 1128 onis
342 1067 457 1129 seriem
500 1067 738 1128 conscienciose
774 1068 1003 1150 rescripsimus,
1035 1068 1149 1129 litteris
1183 1069 1294 1130 vestris
1330 1069 1361 1130 in
1398 1071 1504 1152 specie

233 1172 381 1234 remissis.
406 1172 525 1233 Datum
548 1173 703 1253 Zagrabie
728 1171 804 1234 feria
832 1172 972 1234 secunda
998 1172 1078 1234 infra
1103 1188 1231 1235 octavas
1267 1176 1504 1257 assumpcionis

233 1279 344 1340 Marie.
368 1282 465 1340 Anno
489 1278 612 1340 domini
638 1278 813 1340 millesimo
837 1279 1100 1360 quingentesimo
1124 1279 1299 1342 sedecimo.

292 1473 326 1523 56
339 1401 475 1466 originale
507 1401 534 1452 ln
554 1402 644 1452 charta
673 1401 701 1452 ln
719 1403 816 1456 archiv.
836 1416 894 1453 ven.
913 1401 998 1465 Capit.
1017 1403 1123 1466 zagrab.
1142 1402 1198 1454 Act.
1219 1403 1282 1467 Cap.
1302 1408 1354 1456 ant.
1375 1403 1439 1455 lasc.
1459 1406 1502 1456 92.

235 1488 272 1525 nr.
331 1512 335 1521 .

826 1650 912 1716 130.

338 1775 417 1842 Anac
439 1790 515 1843 151⁶.
538 1791 576 1842 ll.
597 1791 769 1855 septembris.
789 1791 886 1841 Budas.

233 1919 262 1976 A
284 1916 443 1992 ludovico,
467 1919 568 1991 Hung.
593 1925 645 1977 ete.
669 1936 743 1991 rege,
770 1918 988 1975 tricesinratores
1017 1919 1217 1990 zagrabienses
1246 1921 1410 1978 trieesinam
1440 1940 1502 1978 ma·

225 2025 331 2100 jerem,
356 2042 443 2097 quam
466 2025 656 2096 praescripta
686 2031 734 2094 est,
757 2043 776 2079 a
799 2024 907 2081 civibus
929 2032 960 2081 et
981 2042 1001 2080 a
1031 2024 1191 2082 horninibus
1224 2026 1350 2098 capitulo
1383 2027 1503 2085 subdetis

658 2131 803 2202 exigentes
824 2129 1083 2207 reprehenduntur.

889 2251 1048 2302 Commissio
1067 2251 1177 2315 propria
1196 2251 1293 2302 domini
1314 2252 1397 2316 regis.

339 2357 524 2420 Lodouicus
550 2358 601 2419 dei
626 2356 732 2439 gracia
756 2376 809 2418 rex
833 2357 999 2438 Hungarie
1024 2371 1055 2419 et
1081 2357 1235 2420 Bohemie
1258 2371 1315 2420 etc.
1335 2359 1502 2420 Fidelibus

233 2464 349 2525 nostris
372 2464 508 2545 egregiis
543 2463 828 2527 tricesimatoribus
860 2464 976 2524 nostris
1012 2464 1272 2545 zagrabiensibus
1307 2465 1501 2527 salutemet

232 2570 384 2651 graciam.
409 2569 643 2652 Scripseramus
667 2583 698 2631 et
726 2568 993 2630 mandaveramus
1017 2570 1109 2630 vobis
1133 2569 1353 2651 superioribus
1376 2584 1500 2652 tempo·
1590 2567 1594 2576 ’

233 2677 320 2738 ribus
343 2695 400 2758 per
422 2676 501 2737 alias
524 2676 643 2737 litteras
667 2687 791 2736 nostras
816 2688 849 2736 ut
874 2675 956 2736 ultra
981 2674 1125 2736 debitum
1150 2688 1181 2736 et
1203 2689 1307 2757 preter
1331 2688 1500 2737 consvetu-

234 2784 343 2845 dinem
366 2783 406 2845 ab
430 2782 564 2863 antiquo
589 2782 621 2843 in
645 2780 811 2862 exigendis
831 2781 1000 2842 tricesimis
1029 2801 1155 2862 semper
1186 2782 1398 2861 observatam,
1429 2801 1500 2863 pre·

233 2891 341 2951 sertim
374 2907 450 2950 vero
490 2901 598 2949 contra
636 2906 709 2949 eum
750 2906 884 2964 morem,
920 2887 975 2967 qui
1008 2887 1203 2949 incivitate
1239 2901 1345 2948 nostra
1382 2891 1500 2949 montis

235 2995 403 3058 Grecensis
426 2994 457 3055 in
483 2993 648 3075 exigendis
671 2993 840 3055 tricesimis
864 2994 1049 3060 observatus
1073 3006 1119 3053 est
1148 3007 1178 3055 et
1201 2994 1397 3071 observatur,
1415 2994 1500 3056 cives

233 3117 264 3165 et
287 3102 421 3164 colonos
445 3100 574 3183 capituli
600 3099 815 3181 zagrabiensis
839 3099 879 3160 ad
903 3099 1104 3160 solucionem
1128 3099 1358 3160 tricesimarum
1384 3120 1499 3181 cogere

233 3200 298 3270 uon
325 3207 492 3270 deberetis.
528 3206 655 3267 Tamen
679 3224 746 3283 vos,
779 3218 813 3266 ut
848 3224 934 3266 nunc
969 3224 1007 3265 ex
1043 3205 1182 3285 querelis
1214 3205 1332 3265 iteratis
1367 3206 1498 3288 capituli

234 3301 366 3378 ecclesie
390 3311 604 3394 zagrabiensis
629 3311 850 3391 intelligimus,
875 3330 932 3372 vos
956 3311 1052 3391 longe
1077 3310 1168 3371 aliter
1203 3329 1300 3391 quam
1325 3330 1383 3371 nos
1407 3312 1499 3373 vobis

233 3420 500 3483 mandaveramus
525 3417 556 3478 in
580 3417 748 3477 tricesimis
782 3417 947 3498 exigendis
981 3416 1086 3497 agitis,
1110 3429 1141 3477 et
1170 3415 1255 3498 ipsos
1279 3416 1363 3477 cives
1387 3430 1417 3478 et
1441 3437 1498 3499 po-

233 3528 326 3610 pulos
349 3524 570 3606 zagrabienses
596 3523 626 3583 in
652 3523 752 3603 duplo
768 3523 907 3602 gravius,
922 3542 1019 3603 quam
1037 3521 1155 3603 justum
1174 3536 1264 3599 esset,
1283 3521 1315 3583 in
1332 3523 1499 3584 tricesimis

233 3635 273 3695 ab
298 3633 343 3693 eis
367 3629 594 3712 extorquendis
618 3629 767 3706 oneratis,
791 3630 878 3709 quod
915 3649 973 3690 nos
995 3628 1163 3691 admittere
1199 3627 1290 3688 nullo
1323 3642 1415 3710 pacto
1441 3648 1498 3690 vo·

233 3740 350 3801 lumus.
376 3736 567 3798 Mandamus
591 3734 735 3795 fidelitati
762 3734 857 3814 igitur
880 3749 982 3795 vestre
1005 3733 1117 3795 harum
1142 3734 1223 3795 serie
1260 3731 1392 3794 firmiter
1420 3753 1497 3814 qua-

232 3858 326 3906 tenus
349 3864 366 3903 a
391 3841 490 3903 modo
515 3840 666 3921 deinceps
697 3838 836 3920 prefatos
860 3840 944 3901 cives
976 3854 1007 3901 et
1031 3840 1165 3901 colonos
1201 3839 1330 3919 capituli
1355 3839 1496 3919 zagrabi-

234 3950 317 4010 ensis
353 3948 392 4009 ad
428 3947 616 4007 solucionen
652 3945 884 4006 tricesimarum
918 3945 1000 4007 ultra
1036 3945 1179 4006 debitum
1228 3959 1259 4006 et
1291 3958 1496 4027 preterquam

234 4074 353 4137 equum
378 4066 408 4114 et
432 4053 550 4114 iustum
575 4064 621 4112 est
645 4051 849 4132 compellere,
872 4072 977 4133 neque
1002 4072 1057 4113 eos
1081 4072 1175 4134 supra
1199 4071 1270 4113 eam
1295 4051 1495 4112 solucionem

233 4159 476 4234 tricesimarum,
507 4176 569 4236 que
613 4156 643 4216 in
684 4156 810 4217 civitate
850 4171 957 4218 nostra
997 4157 1114 4218 montis
1153 4156 1321 4218 Grecensis
1360 4169 1497 4232 tenetur,

234 4267 408 4346 astringere
425 4264 577 4343 debeatis,
593 4263 680 4324 aliud
699 4263 790 4324 nullo
807 4263 906 4325 modo
924 4262 1026 4325 lacere
1043 4277 1274 4345 presumentes.
1292 4261 1496 4322 Presentibus

234 4372 392 4455 perlectis,
428 4369 588 4430 exhibenti
625 4369 786 4447 restitutis,
823 4370 942 4430 Datum
979 4368 1068 4430 Bude
1093 4367 1170 4429 feria
1205 4368 1315 4448 quinta
1351 4367 1496 4449 proxima

234 4492 306 4561 post
330 4475 445 4538 festum
470 4475 643 4536 nativitatis
667 4475 846 4535 beatissime
872 4476 971 4536 Marie
996 4475 1137 4555 virginis.
1162 4478 1259 4534 Anno
1276 4473 1399 4534 domini
1425 4473 1497 4534 mil·

235 4583 347 4645 lesimo
372 4581 630 4663 quingentesimo
654 4594 743 4643 sexto
769 4580 906 4642 decimo.

340 4703 476 4770 originale
496 4704 521 4754 iu
541 4704 640 4756 charta.
659 4702 687 4753 ln
706 4702 825 4767 margine
844 4702 963 4754 inferiori
984 4702 1141 4765 impressum
1161 4705 1202 4751 est
1222 4700 1345 4765 sigillum.
1365 4700 1393 4751 ln
1422 4695 1494 4773 arch,

234 4807 293 4846 ven.
311 4794 391 4860 capit.
410 4795 516 4859 ragrab.
535 4793 591 4846 Act.
612 4793 675 4857 Cap.
695 4798 748 4843 ant.
768 4791 823 4843 lasc
850 4792 888 4842 10.
908 4805 946 4844 nr.
969 4791 1008 4842 17.
