3472 5242
636 354 710 416 Dec.
736 369 805 432 142.
835 389 870 400 -
895 357 951 419 An.
976 368 1062 435 1517.

806 585 889 650 142.

322 741 398 793 Anno
418 739 495 796 1517.
516 743 557 796 14.
573 741 649 821 juqll.
667 741 765 794 Budas.

216 884 383 946 Ludovr'cus
404 887 459 957 ΙΙ.,
484 888 586 961 Hung.
610 895 661 946 etc.
685 907 739 946 rex
761 888 890 946 omnebus
912 889 1060 963 nobilibus,
1084 890 1250 948 centaurus
1265 899 1294 949 et
1302 893 1389 964 regiis
1412 894 1480 952 telo·

216 993 321 1050 nrorr'is
345 1001 431 1063 vetar,
445 1012 480 1051 ne
503 1012 523 1050 a
538 994 741 1052 mercatoribus
753 994 988 1068 ragrabr'ensibus
995 1003 1055 1070 pro
1070 1012 1160 1053 merce
1167 995 1336 1069 potrorriem
1352 1000 1482 1072 exegerit.

863 1133 1024 1186 commissio
1043 1135 1154 1199 propria
1173 1135 1271 1187 domiui
1291 1136 1374 1202 regis.

323 1219 509 1283 Ludouicus
533 1220 583 1282 dei
608 1222 714 1302 gracia
738 1242 792 1284 tex
816 1222 983 1305 Hungarie
1007 1237 1038 1285 et
1062 1223 1217 1287 Bohemie
1235 1238 1293 1287 etc.
1316 1226 1482 1288 Fidelibus

216 1326 332 1388 nostris
356 1327 513 1389 universis
529 1341 560 1389 et
583 1328 718 1410 singulis
733 1328 873 1410 prelatis,
891 1330 1076 1407 baronibus,
1093 1330 1274 1409 comitibus,
1291 1331 1482 1411 castellanis,

216 1431 390 1512 nobilibus,
415 1434 624 1515 ipsorumque
647 1432 858 1511 officialibus;
882 1434 959 1496 item
976 1435 1168 1513 civitatibus,
1185 1435 1314 1518 oppidis
1338 1450 1369 1499 et
1386 1438 1481 1517 villis,

216 1558 393 1620 earumque
417 1539 603 1619 rectoribus,
626 1539 787 1622 judicibus
810 1541 931 1602 scilicet
954 1554 985 1602 et
1008 1541 1133 1620 villicis,
1158 1561 1283 1604 necnon
1307 1544 1481 1605 tributariis

216 1659 247 1708 et
280 1645 556 1708 theloneatoribus
590 1659 753 1728 presentes
787 1660 910 1709 nostras
946 1647 1060 1708 visuris
1094 1647 1230 1709 salutern
1265 1662 1296 1710 et
1330 1649 1480 1730 graciam.

216 1751 327 1826 Quum
352 1752 424 1814 iusti
449 1772 507 1835 pro
531 1753 657 1814 iniustis
680 1765 711 1814 et
734 1752 857 1814 innoxii
881 1773 940 1835 pro
970 1772 1099 1815 reorum
1132 1754 1312 1816 excessibus
1335 1775 1402 1818 non
1426 1755 1480 1817 de-

215 1861 311 1922 beant
334 1859 537 1940 aliquatenus
561 1858 721 1941 impediri,
737 1857 882 1920 fidelitati
909 1858 1006 1940 igitur
1022 1872 1124 1921 vestre
1140 1859 1253 1921 harum
1270 1860 1350 1921 serie
1367 1859 1480 1923 firmis·

214 1966 294 2027 sime
318 1965 549 2027 committimus
573 1978 604 2026 et
627 1965 828 2044 mandamus,
853 1965 1004 2046 quatinus
1028 1964 1105 2026 dum
1130 1978 1161 2027 et
1185 1966 1315 2046 quando
1343 1987 1379 2028 ac
1399 1986 1480 2048 quo·

214 2072 429 2152 cienscunque
462 2070 573 2133 fideles
596 2070 707 2150 nostri,
731 2071 951 2153 circumspecti
975 2071 1071 2152 judex
1095 2086 1142 2132 et·
1157 2071 1250 2153 jurati
1283 2072 1369 2135 cives
1403 2074 1479 2135 civi-

213 2177 286 2240 tatis
331 2191 438 2239 nostre
486 2176 778 2258 Montisgrecensis,
803 2189 858 2238 aut
893 2176 1041 2238 homines
1064 2191 1095 2239 et
1129 2176 1303 2240 familiares
1334 2179 1479 2261 ipsorum

212 2303 272 2367 pro
296 2283 439 2345 victuum
464 2303 596 2346 suorum
620 2284 798 2344 necessaria
830 2282 1046 2363 acquisicione
1079 2283 1220 2347 diversas
1251 2297 1357 2366 partes
1389 2285 1478 2368 regni

213 2390 313 2451 nostri
336 2389 555 2471 perlustraturi
573 2409 646 2451 curn
664 2390 758 2450 rebus
782 2401 812 2449 et
831 2388 991 2450 mercibus
1015 2388 1158 2470 ipsorum
1175 2389 1215 2450 ad
1232 2404 1351 2452 vestras
1371 2405 1479 2470 terras,

212 2510 333 2575 tenuta,
356 2497 583 2578 possessiones,
608 2496 757 2574 honores,
781 2493 974 2557 officiolatus
1003 2515 1038 2557 ac
1063 2496 1157 2557 vestri
1183 2496 1215 2558 in
1239 2495 1382 2558 medium
1406 2518 1478 2580 per·

213 2604 368 2683 venerint,
392 2617 507 2665 extunc
531 2603 628 2685 ipsos,
652 2602 864 2682 hominesque
896 2615 927 2663 et
951 2600 1124 2663 familiares
1147 2603 1291 2685 ipsorum
1322 2617 1479 2685 pretactos

213 2711 253 2773 ad
277 2709 465 2791 quorumvis
489 2710 678 2771 instanciam
701 2709 734 2769 in
759 2707 904 2790 personis
927 2706 1068 2789 judicare
1093 2708 1143 2769 vel
1168 2722 1272 2769 vestro
1305 2721 1406 2770 astare
1431 2708 1477 2787 ju·

213 2817 331 2880 dicatui
354 2816 558 2898 compellere,
583 2828 637 2876 aut
662 2835 710 2876 res
734 2828 765 2876 et
796 2814 908 2894 quevis
933 2815 1017 2875 bona
1049 2814 1191 2894 ipsorum
1223 2814 1477 2876 mercimonialia

212 2939 363 2987 arrestare
388 2944 444 2986 seu
468 2922 630 3006 prohiberi
654 2919 758 2982 facere
782 2939 988 3001 nequaquam
1005 2920 1229 3001 presummatis
1247 2940 1306 2981 nec
1325 2921 1392 2981 sitis
1408 2921 1476 2982 ausi

212 3031 311 3092 modo
335 3030 478 3111 aliquali,
502 3029 665 3109 signanter
688 3046 746 3108 pro
770 3026 887 3087 debitis
907 3045 964 3087 seu
988 3026 1169 3086 excessibus
1192 3026 1341 3087 aliorum.
1368 3026 1400 3087 Si
1420 3026 1476 3107 qui

211 3137 298 3199 euim
323 3136 491 3217 quitquam
507 3134 642 3196 actionis
666 3133 716 3194 vel
732 3131 910 3213 questionis
926 3144 1035 3193 contra
1052 3143 1221 3192 annotatos
1245 3130 1329 3191 cives
1345 3145 1471 3193 nostros

211 3243 347 3305 civitatis
370 3254 476 3304 nostre
499 3238 621 3322 prefate
651 3238 931 3319 Montisgrecensis
963 3238 1012 3298 vel
1045 3255 1156 3298 eorum
1190 3237 1323 3298 alterum
1358 3236 1476 3297 habent

212 3350 262 3411 vel
287 3348 466 3425 habuerint,
490 3345 534 3407 hii
556 3345 589 3406 id
614 3346 646 3406 in
670 3344 833 3426 presencia
856 3343 971 3424 judicis
995 3356 1026 3405 et
1049 3343 1223 3421 juratorum
1249 3342 1368 3403 civium
1393 3342 1476 3402 eius·

211 3455 285 3516 dem
310 3454 445 3515 civitatis
469 3465 575 3512 nostre
599 3450 754 3531 legittime
778 3462 1023 3530 prosequantur,
1050 3468 1086 3510 ex
1120 3462 1207 3529 parte
1242 3467 1380 3529 quorum
1415 3447 1474 3528 ipsi

212 3574 320 3621 contra
346 3579 401 3620 eos
425 3571 479 3619 aut
502 3575 614 3618 eorum
638 3557 774 3617 alterum
799 3556 981 3637 querulanti
1015 3555 1094 3615 meri
1119 3554 1195 3634 juris
1219 3567 1250 3615 et
1282 3552 1406 3634 justicie
1439 3573 1475 3614 ac

212 3665 318 3728 debite
341 3661 565 3725 satisfactionis
588 3663 861 3744 complementum
891 3659 1087 3722 exhibebunt
1102 3672 1198 3740 prout
1214 3658 1378 3720 dictaverit
1394 3659 1475 3719 ordo

211 3769 298 3850 juris.
324 3769 480 3845 Preterea,
506 3768 581 3848 quia
617 3765 729 3849 prefati
764 3767 858 3843 cives,
892 3766 1032 3846 hospites
1065 3779 1096 3826 et
1128 3764 1355 3826 inhabitatores
1390 3764 1474 3826 dicte

211 3875 346 3946 civitatis
370 3888 476 3935 nostre
501 3874 631 3954 antiqua
655 3893 767 3936 eorum
792 3872 946 3934 libertatis
970 3871 1171 3953 prerogativa
1196 3890 1252 3951 per
1276 3869 1368 3931 divos
1384 3889 1474 3951 reges

212 3980 389 4060 Hungarie,
414 3992 538 4040 nostros
566 3980 686 4040 scilicet
709 3978 949 4060 predecessores
981 3977 1057 4058 ipsis
1087 3977 1229 4055 graciose
1262 3994 1411 4036 concessa
1443 3989 1474 4037 et

211 4105 266 4166 per
290 4098 455 4166 paternam
480 4084 617 4146 condam
642 4085 840 4146 Maiestatem
858 4082 1044 4144 confirmata
1063 4082 1254 4162 requirente,
1271 4101 1288 4141 a
1306 4082 1484 4142 solucione·

211 4191 380 4252 cuiuslibet
403 4190 512 4251 tributi
536 4210 592 4251 seu
623 4190 757 4251 thelonii
782 4203 847 4250 tarn
878 4189 916 4248 de
948 4188 1092 4269 personis
1124 4187 1271 4268 propriis,
1304 4206 1400 4267 quam
1432 4187 1472 4247 de

210 4297 305 4356 rebus
329 4309 360 4357 et
384 4296 478 4357 bonis
501 4297 644 4378 ipsorum
669 4295 964 4357 mercimonialibus
998 4293 1164 4374 quibusvis
1195 4293 1322 4373 penitus
1356 4306 1386 4353 et
1416 4312 1472 4373 per

210 4401 318 4462 omnia
343 4402 481 4482 exempti
505 4422 571 4462 esse
595 4400 803 4483 perhibentur
827 4412 858 4460 et
888 4399 1076 4481 supportati,
1102 4397 1175 4459 ideo
1200 4398 1292 4458 vobis
1315 4397 1472 4458 universis

210 4520 241 4568 et
264 4507 397 4588 singulis
420 4508 604 4586 tributariis,
628 4521 692 4568 tarn
724 4506 840 4567 nostris
868 4504 1039 4586 regalibus,
1073 4523 1170 4585 quam
1206 4503 1307 4565 eciam
1332 4503 1470 4564 aliorum

210 4631 489 4694 quorumcumque
524 4613 630 4674 ubivis
663 4613 696 4674 in
720 4612 811 4673 terris
833 4610 954 4673 scilicet
981 4623 1012 4671 et
1042 4628 1137 4691 super
1169 4608 1261 4689 aquis
1292 4607 1471 4669 constitutis

210 4729 241 4778 et
264 4717 470 4780 existentibus
494 4717 694 4800 presencium
718 4716 872 4778 noticiam
895 4714 1060 4793 habituris,
1084 4713 1243 4776 similibus
1274 4713 1390 4775 nostris
1422 4733 1469 4773 re·

209 4821 271 4904 giis
293 4821 407 4885 damus
429 4824 462 4885 iu
486 4823 655 4902 mandatis,
679 4835 837 4904 quatenus
854 4820 979 4883 amodo
1001 4818 1143 4902 prefatos
1162 4819 1256 4882 'cives
1282 4832 1314 4880 et
1329 4817 1470 4901 hospites
