3472 5242
660 1375 1081 1502 ARGUMENTA.

264 1708 283 1744 1,
305 1696 385 1744 Anno
408 1709 481 1761 1500,
512 1705 549 1747 12.
576 1695 707 1744 februarii.
733 1694 830 1746 Budae.
855 1695 1014 1752 Vladisiaua,
1039 1695 1189 1758 Hungariae
1207 1701 1255 1745 etc.
1275 1709 1327 1751 rex,
1347 1709 1404 1759 pro·

306 1784 387 1841 hibet,
406 1800 439 1833 00
462 1785 519 1848 ipse
544 1785 649 1847 quidem
675 1785 813 1849 episcopus
832 1790 890 1848 post
913 1791 1021 1833 mortem
1047 1783 1163 1831 canonici
1182 1783 1313 1846 cujusdam
1337 1783 1402 1831 inte·

307 1879 373 1921 stato
392 1873 507 1921 defuncti
530 1888 586 1922 sese
606 1874 714 1937 ingerat,
734 1873 876 1936 statuitque
895 1880 923 1922 ut
943 1871 1085 1937 capitulum
1110 1871 1217 1934 antiquo
1236 1877 1405 1920 0010101110

306 1963 434 2010 fortunam
453 1978 468 2009 a
493 1960 750 2011 01000100101101110
770 1961 870 2011 dividat
889 1963 1013 2012 trifariam
1035 1985 1398 2000 ·····················
1496 1971 1505 2007 1

264 2062 287 2099 2.
307 2051 384 2098 Anno
406 2061 481 2115 1500,
502 2061 525 2115 5.
556 2048 652 2115 aprilis.
688 2052 720 2098 In
751 2049 859 2100 castello
890 2050 1074 2116 Glogovnicae.
1107 2047 1241 2114 Alphonsi
1259 2049 1333 2097 Thur
1363 2065 1402 2096 za·

195 2120 198 2125 ’
306 2138 449 2202 gralriensis
468 2145 493 2186 01
512 2138 719 2202 glogovnicensis
738 2137 863 2188 ecclesiae
884 2140 1034 2204 praepositi,
1054 2138 1191 2203 dispositio
1210 2137 1402 2186 testamentaria
1491 2147 1506 2183 2

263 2239 285 2289 3.
306 2227 387 2275 Anno
410 2239 484 2292 1500,
508 2238 546 2292 15.
566 2226 664 2290 aprilis.
683 2227 782 2278 Budae.
800 2228 893 2285 Lucas,
917 2229 1054 2293 episcopus
1073 2227 1253 2290 zagrabiensis,
1273 2232 1350 2282 vetat,
1370 2241 1402 2273 ne

307 2331 392 2379 quem,
411 2317 512 2365 etiamsi
531 2315 631 2366 litteras
644 2318 711 2381 regis
730 2318 951 2366 commendatitias
964 2317 1066 2374 habeat,
1083 2314 1224 2380 capitulum
1243 2316 1299 2363 sine
1317 2313 1400 2378 ipsius

305 2405 489 2453 constitutione
508 2404 658 2453 canonicum
677 2405 868 2468 zagrabiensem
894 2406 1012 2454 instituat
1036 2428 1329 2444 ·················
1340 2428 1400 2454 .···

261 2506 287 2552 4.
307 2493 389 2542 Anno
410 2505 484 2558 1500,
506 2505 546 2553 29.
566 2493 636 2545 maii.
664 2492 761 2545 Budae.
790 2492 949 2550 vladislaus,
979 2493 1130 2557 Hungariae
1158 2500 1205 2543 etc.
1236 2508 1287 2549 rex,
1317 2492 1402 2540 Lucae

301 2581 425 2646 episcopo
444 2581 602 2644 zagrabiensi
616 2583 749 2647 praecipit,
763 2589 791 2631 ut
804 2582 939 2632 ecclesiam
953 2582 1127 2632 cathedralem
1146 2589 1172 2630 et
1190 2582 1293 2630 domum
1304 2581 1403 2645 episco-

307 2670 392 2735 palem
411 2671 535 2730 obstruat,
555 2671 681 2734 novisque
700 2671 900 2736 propugnaculis
925 2671 1046 2721 fortificet
1065 2672 1202 2735 insumptis
1224 2682 1317 2719 10000
1336 2669 1400 2726 1101,

306 2775 371 2822 quos
391 2759 529 2808 Oswaidus
547 2760 685 2824 episcopus
704 2759 794 2810 ultima
813 2761 945 2810 voluntate
964 2761 997 2810 ad
1021 2761 1087 2810 hanc
1107 2776 1160 2808 rem
1180 2760 1329 2825 perscripsit

263 2859 286 2912 5.
308 2849 383 2896 rinno
406 2859 480 2913 1500,
501 2860 524 2901 2.
542 2848 616 2912 junii.
637 2848 732 2898 Budae.
752 2850 844 2907 Lucas,
869 2851 1008 2915 episcopus
1027 2849 1209 2913 zagrabiensis,
1228 2847 1342 2912 capitulo
1361 2864 1401 2896 za·

306 2937 436 3000 grabieusi
456 2939 566 2995 mandat,
587 2945 614 2987 ut
635 2940 780 2988 Antonium
806 2940 838 2988 de
857 2939 976 2996 Andreis,
1002 2938 1071 3004 regis
1096 2938 1266 3004 capellanum,
1286 2939 1403 2987 instituat

306 3028 481 3091 praepositum
500 3027 624 3076 ecclesiae
642 3028 797 3077 cathedralis
809 3029 982 3093 zagrabiensis
999 3053 1398 3066 ······················

262 3114 286 3166 6.
306 3115 387 3163 Anno
410 3125 484 3180 1500,
504 3128 535 3181 25
565 3117 718 3166 novembris
746 3119 779 3165 In
806 3118 903 3168 Iranid.
928 3118 1025 3173 Lucas,
1054 3117 1193 3181 episcopus
1220 3115 1401 3178 zagrabiensis,

305 3204 419 3268 capitulo
440 3204 551 3269 mandat,
571 3213 598 3254 ut
620 3205 696 3254 fidem
715 3206 810 3254 11111011
828 3207 928 3255 homini
946 3222 1003 3254 curn
1022 3206 1105 3269 ipsius
1124 3205 1251 3253 mandatis
1271 3204 1361 3253 misso·
1374 3230 1398 3241 ··

263 3304 286 3355 7.
306 3293 382 3342 110οο
414 3302 488 3358 1500,
518 3305 542 3355 3.
569 3293 720 3346 decembris.
749 3296 781 3342 In
808 3295 906 3347 Iranid.
935 3295 1027 3351 Lucas,
1056 3293 1193 3358 episcopus
1221 3292 1402 3355 zagrabiensis,

307 3382 440 3445 Stephano
458 3381 549 3430 lectori
568 3384 667 3431 confert
687 3384 873 3442 canonicatum,
893 3399 945 3446 quo
967 3382 1187 3440 Bartholomaeus,
1207 3381 1403 3430 archidiaconus

308 3470 340 3516 de
360 3469 473 3518 Duboka
491 3476 516 3518 et
536 3471 673 3519 canonicus
692 3469 755 3522 ecci.
774 3471 895 3528 albensis,
914 3472 941 3520 in
960 3473 1015 3521 eius
1037 3471 1146 3535 gratiam
1166 3487 1193 3519 se
1212 3470 1340 3519 abdicavit

263 3558 287 3608 8.
306 3557 387 3606 Anno
409 3570 483 3623 1501,
506 3568 546 3612 12.
563 3560 638 3623 junii.
657 3560 754 3610 Budae.
774 3559 932 3617 Vladisiaus,
953 3560 1104 3623 Hungariae
1122 3567 1170 3611 etc.
1190 3576 1242 3615 rex,
1262 3558 1402 3608 communi-

307 3646 353 3694 tati
373 3647 485 3695 civitatis
503 3648 598 3696 montis
626 3649 764 3696 Grecensis
787 3649 889 3697 nuntiat
914 3650 946 3697 ad
970 3649 1140 3698 munitionem
1168 3649 1280 3697 civitatis
1298 3647 1402 3695 restitu-

307 3735 398 3783 endam
421 3747 452 3797 32
474 3735 527 3784 llor.
546 3752 561 3783 a
580 3752 608 3784 se
626 3752 682 3785 esse
701 3738 853 3800 assignatos,
878 3739 924 3801 qui
947 3754 993 3802 per
1012 3745 1064 3787 1101
1088 3753 1169 3786 annos
1188 3753 1219 3785 ea
1238 3736 1310 3801 regia
1328 3737 1402 3786 11100-

305 3823 369 3871 sima
387 3823 547 3886 zagrabiensi
566 3825 617 3874 sint
632 3824 749 3874 solvendi
765 3852 843 3865 ·····
847 3889 857 3911 ·
856 3851 1397 3866 ·······························

263 3923 287 3971 9.
307 3912 383 3960 Anno
405 3923 480 3976 1501,
501 3924 543 3961 20.
563 3915 673 3976 augusti.
694 3914 842 3967 Varasdini.
870 3916 1000 3979 Johannes
1028 3915 1163 3971 Corvinus,
1182 3916 1235 3963 dux
1259 3921 1284 3963 et
1312 3915 1402 3964 banus.

306 4000 439 4064 Stephano
458 4001 583 4050 canonico
601 4000 691 4050 lectori
711 4003 850 4067 interdicit,
869 4020 901 4052 00
922 4004 1020 4068 judicet
1040 4004 1072 4052 de
1091 4002 1145 4060 lite,
1165 4020 1231 4066 quae
1249 4004 1316 4051 inter
1334 4004 1403 4052 cives

310 4094 335 4135 et
354 4089 520 4146 Michaeiem,
539 4090 653 4147 Petrum,
674 4090 850 4150 Valentinum,
871 4093 1088 4155 Dominicnmque
1115 4092 1224 4141 Perovii
1248 4099 1346 4154 agatur,
1364 4093 1403 4156 ju·

305 4176 408 4239 berque,
428 4183 456 4225 ut
475 4177 609 4226 arbitrium
628 4179 684 4226 eius
704 4179 741 4228 rei
760 4181 890 4245 rejiciatur
908 4181 940 4229 ad
959 4181 1072 4229 civitatis
1092 4179 1204 4229 tribunal
1230 4207 1234 4216 ·

246 4265 381 4316 loriano
403 4278 477 4331 1501,
498 4267 520 4315 8.
542 4268 697 4331 septembris
726 4254 840 4318 Casurae.
861 4270 953 4331 Lucas,
980 4269 1118 4333 episcopus
1143 4268 1324 4333 zagrabiensis,
1344 4283 1402 4332 pro-

307 4361 397 4403 ventus
417 4356 557 4420 praepositi
576 4357 749 4419 zagrabiensis
768 4374 783 4406 a
802 4356 917 4422 capitulo
941 4358 1042 4421 zagrab.
1068 4364 1242 4421 sequestratos
1270 4356 1404 4406 constituit

306 4442 330 4490 ei
351 4457 408 4492 esse
427 4445 600 4493 restituendos
618 4471 1292 4486 ······································
1305 4474 1308 4479 ·
1321 4470 1400 4487 ·····

250 4541 290 4581 rr.
309 4529 390 4580 Anno
412 4543 487 4597 1501,
507 4549 594 4582 mense
613 4534 722 4586 octobri.
742 4533 826 4584 Crisii.
847 4535 1006 4598 Quaestione
1031 4535 1177 4592 constituta,
1197 4549 1253 4583 esse
1271 4535 1403 4597 cognitum

306 4619 440 4669 Andream
459 4622 555 4679 Budor,
569 4621 684 4671 nobilem
697 4623 837 4687 Zagrabiae
850 4622 988 4688 degentem
1004 4640 1019 4672 a
1036 4623 1126 4674 Blasio
1139 4624 1224 4688 Arky,
1243 4623 1331 4672 nobile
1350 4630 1402 4672 stu·

304 4707 712 4773 11100001,1110100100001011101111Ι
730 4712 851 4760 affectum
863 4727 996 4776 paeneque
1009 4713 1140 4762 concisum
1156 4712 1257 4776 judices
1275 4710 1402 4761 nobilium

306 4797 441 4847 comitatus
461 4798 591 4850 crisiensis
610 4800 729 4850 nuntiant
750 4824 1397 4842 ·····································
1477 4810 1508 4878 1‘4
