3472 5236
234 332 291 392 106
654 335 727 393 Doc.
749 347 805 412 94.
830 367 866 374 -
891 334 948 395 An.
972 345 1059 408 1511.

226 438 315 445 -—--

227 573 418 622 mercatores
441 561 509 622 sine
534 560 766 643 impedimento
786 560 980 621 mercancias
1000 559 1146 623 fecissent
1169 575 1200 623 et
1219 561 1437 625 vendidissent
1456 565 1488 625 in

227 665 378 747 capitu10,
403 666 508 728 forum
540 680 647 729 autern
677 665 916 747 quottidianum
943 687 1068 748 semper
1092 667 1229 729 liberum
1252 668 1433 731 habuerunt
1456 670 1488 730 in

216 772 377 853 capitulo.
402 773 490 851 ltem,
511 771 671 854 Georgius
691 772 898 855 Castellanffy
919 773 1039 853 juratus
1056 789 1086 833 et
1102 775 1310 853 examinatus,
1327 774 1427 836 lassus
1443 789 1490 837 est

226 878 306 939 scitu
326 893 361 940 ut
380 879 545 940 Balthasar
567 878 606 939 de
628 877 784 960 Batthyan
804 878 977 959 precedens
997 881 1095 958 testis,
1113 879 1242 961 dempta
1263 880 1438 943 residencia
1458 894 1490 943 et

121 1064 125 1073 Ι
210 983 411 1055 ¹officiolatu.
431 986 519 1062 ltem,
536 985 697 1046 lohannes
714 984 738 1044 F
741 984 843 1067 anchy
861 985 900 1046 de
918 984 1081 1047 Gordowa
1098 985 1218 1066 juratus
1236 1001 1266 1048 et
1282 987 1490 1067 examinatus,

227 1090 327 1151 lassus
359 1104 405 1152 est
436 1091 515 1152 scitu
540 1111 596 1173 per
620 1092 729 1153 omnia
754 1105 788 1152 ut
813 1092 977 1153 Balthasar
1001 1091 1040 1153 de
1066 1093 1234 1174 Batthyan‚
1259 1093 1388 1175 dempta
1412 1094 1487 1156 resi·

227 1197 339 1258 dencia
371 1211 402 1258 et
433 1196 619 1260 officiolatu.
644 1198 723 1259 ltem
756 1197 942 1258 Franciscus
974 1199 1094 1258 Keczer
1126 1197 1165 1259 de
1189 1199 1344 1277 Radwan‚
1368 1199 1490 1280 juratus

227 1317 257 1367 et
288 1303 496 1383 examinatus,
525 1304 626 1365 fassus
653 1317 708 1383 est,
732 1303 819 1384 quod
854 1304 921 1384 ipse
951 1302 1060 1365 fuisset
1093 1304 1125 1364 in
1151 1324 1250 1386 regno
1276 1305 1488 1366 Sclauoniea

226 1410 367 1491 puericia
391 1431 446 1472 sua
471 1411 623 1473 educatus
647 1425 677 1472 et
701 1411 816 1472 latetur
832 1411 941 1472 omnia
957 1411 1037 1471 scitu
1054 1425 1087 1472 ut
1104 1410 1226 1492 primus
1244 1412 1340 1489 testis,
1357 1411 1488 1493 dempto

226 1514 401 1578 officiolatu
426 1531 457 1578 et
477 1517 662 1579 residencia.
686 1518 762 1578 ltem
781 1516 917 1578 Michael
936 1515 1063 1576 Kerheu
1081 1516 1120 1576 de
1138 1516 1352 1578 Bellossowcz
1368 1517 1489 1598 juratus
1574 1511 1580 1521 '

226 1634 257 1683 et
281 1623 489 1700 examanitus,
514 1622 614 1683 fassus
639 1636 685 1684 est
709 1624 788 1683 scitu
813 1642 868 1704 per
893 1622 1003 1683 omnia
1027 1635 1061 1682 ut
1086 1621 1245 1702 Georgius
1270 1623 1488 1706 Castellanffy.

227 1728 304 1789 ltem
330 1728 509 1811 Stephanus
533 1729 572 1790 de
598 1727 774 1790 Gwdowcz
798 1728 919 1808 juratus
944 1741 974 1788 et
997 1728 1204 1806 examinatus,
1223 1727 1323 1789 lassus
1343 1741 1389 1790 est
1408 1729 1489 1789 scitu

226 1846 260 1896 ut
283 1832 443 1915 Georgius
467 1834 685 1917 Castellanlly.
711 1836 788 1896 ltem
813 1834 931 1895 nobilis
957 1835 1067 1895 Petrus
1088 1833 1255 1916 Fynthych
1276 1834 1315 1895 de
1337 1834 1488 1917 Polyana‚

225 1938 320 2018 judex
345 1941 503 2001 nobilium
530 1941 673 2002 eiusdem
697 1941 867 2002 comitatus
890 1940 1057 2018 crisiensis‚
1082 1932 1202 2018 juratus
1226 1952 1256 2000 et
1280 1940 1489 2019 examinatus,

226 2045 327 2107 fassus
343 2060 399 2125 est,
416 2047 504 2128 quod
521 2049 586 2129 ipse
605 2048 697 2109 sciret
714 2061 744 2108 et
760 2047 820 2108 sibi
837 2059 995 2108 constaret
1012 2045 1186 2123 evidenter,
1203 2044 1290 2125 quod
1310 2044 1489 2126 Stephanus

227 2152 382 2213 Kewllred
407 2153 439 2213 in
464 2153 563 2214 domo
588 2174 643 2214 sua
667 2154 769 2215 tenuit
793 2153 936 2214 boltham
964 2165 995 2213 et
1020 2153 1121 2212 eciam
1145 2151 1177 2211 in
1201 2151 1299 2211 domo
1323 2150 1490 2232 hospitalis

225 2257 358 2339 predicti
382 2272 488 2319 sancte
506 2259 671 2320 Elizabeth
693 2259 873 2320 habuerunt
896 2271 925 2318 et
942 2269 1113 2318 tenuerunt
1130 2256 1255 2316 bolthas
1270 2269 1301 2317 et
1318 2257 1349 2317 in
1368 2256 1489 2318 eisdem

225 2383 349 2444 pannos
373 2378 403 2425 et
425 2364 503 2425 alias
526 2364 667 2425 diversas
687 2379 717 2426 et
735 2365 893 2445 quaslibet
915 2363 1109 2424 mercancias
1129 2362 1308 2423 habuerunt
1332 2376 1362 2423 et
1378 2375 1488 2424 tenue·

225 2483 298 2530 runt
319 2490 354 2531 ac
375 2469 588 2532 vendiderunt
611 2472 678 2531 sine
701 2471 811 2552 aliquo
829 2469 1071 2551 impedimento,
1090 2482 1119 2529 et
1135 2467 1223 2548 quod
1241 2488 1366 2550 semper
1382 2466 1488 2530 forum

225 2575 256 2634 in
282 2576 423 2657 capitulo
447 2576 644 2656 zagrabiensi
669 2575 850 2637 habuerunt
874 2576 1011 2636 liberum
1032 2576 1128 2636 instar
1149 2588 1326 2635 ceterorum
1345 2572 1487 2635 fororum

224 2680 409 2744 liberorum.
428 2683 503 2743 ltem
523 2682 681 2763 Georgius
706 2682 745 2743 de
763 2681 1023 2758 Bonthossowcz,
1041 2681 1185 2740 similiter
1210 2680 1303 2760 judex
1328 2680 1487 2740 nobilium

225 2786 299 2847 dicti
324 2789 492 2849 comitatus
523 2790 680 2849 crisiensis
704 2788 823 2867 iuratus
850 2802 879 2848 et
905 2786 1111 2863 examinatus,
1137 2785 1236 2846 lassus
1260 2799 1306 2846 est
1329 2787 1408 2847 scitu
1433 2806 1489 2867 per

224 2894 333 2953 omnia
367 2906 400 2953 ut
431 2895 541 2955 Petrus
570 2893 748 2976 Fynthych,
772 2893 860 2954 testis
883 2893 1003 2952 scilicet
1025 2893 1168 2972 proxime
1194 2891 1376 2972 precedens.
1400 2893 1487 2971 Item,

224 3000 374 3080 magister
397 3000 542 3060 Andreas
567 2999 675 3060 Budor
700 2998 739 3060 de
765 2999 952 3059 derowcz
981 2996 1080 3057 lassus
1105 3012 1160 3074 est,
1186 2998 1273 3077 quod
1299 2999 1489 3078 capitulares

223 3124 348 3187 semper
380 3104 484 3166 forum
518 3106 655 3167 liberum
685 3105 875 3183 habuerunt,
900 3104 961 3164 alia
992 3104 1125 3184 ignorat.
1152 3104 1227 3162 ltem
1263 3103 1424 3165 lohannes
1448 3103 1488 3165 de

225 3211 432 3272 Gathalowcz
464 3212 581 3273 nobilis
614 3213 783 3273 comitatus
813 3210 1027 3290 zagrabiensis
1055 3223 1085 3269 et
1113 3209 1344 3287 uarasdiensis,
1369 3210 1488 3288 juratus

224 3328 254 3377 et
278 3319 486 3395 examinatus,
508 3317 607 3378 fassus
632 3331 677 3379 est
702 3319 793 3395 scitu,
818 3318 898 3376 sicut
930 3316 1051 3396 primus
1075 3317 1162 3375 testis
1186 3336 1241 3395 per
1265 3315 1384 3376 omnia.
1410 3316 1486 3375 ltem

225 3422 383 3502 Georgius
409 3424 563 3484 Horwath
589 3424 628 3485 de
654 3423 883 3504 Chapoloucz,
903 3422 1021 3501 juratus
1039 3435 1069 3481 et
1090 3421 1298 3498 examinatus,
1320 3420 1419 3481 fassus
1442 3435 1487 3482 est

223 3529 302 3588 scitu
319 3549 375 3610 per
391 3530 498 3589 omnia
514 3544 548 3590 ut
562 3531 683 3610 primus
701 3529 796 3590 testis.
815 3528 893 3588 ltem
911 3526 1072 3588 lohannes
1090 3527 1200 3586 Punelr
1218 3527 1256 3585 de
1275 3527 1486 3604 Punelcou'cz‚

223 3633 343 3712 juratus
376 3648 406 3695 et
437 3636 644 3712 examinatus,
670 3634 769 3695 lassus
798 3649 844 3694 est
867 3654 924 3715 per
948 3635 1056 3694 omnia
1082 3647 1115 3692 ut
1140 3633 1262 3714 primus
1286 3633 1382 3694 testis.
1410 3633 1487 3692 ltem

225 3739 359 3800 Michael
387 3740 526 3801 Lcschak
552 3741 590 3800 de
622 3741 864 3817 Leschakowcz‚
883 3740 1001 3799 nobilis
1026 3740 1064 3798 de
1091 3740 1244 3799 comitatu
1269 3737 1485 3813 avarasdiensi,

223 3845 343 3924 juratus
378 3861 408 3906 et
439 3843 647 3924 examinatus,
680 3846 780 3906 lassus
815 3860 860 3906 est
892 3846 983 3922 scitu,
1012 3846 1098 3925 quod
1135 3844 1275 3926 prelatus
1307 3844 1487 3925 Stephanus

224 3951 420 4010 Keullteda
453 3953 607 4011 memoria
639 3972 695 4012 sua
729 3951 840 4012 habuit
873 3950 1016 4011 boltham
1050 3964 1080 4011 et
1112 3951 1270 4031 quaslibet
1295 3949 1488 4010 mercancias

224 4057 255 4116 in
281 4056 392 4116 eadem
418 4057 571 4135 vendidit,
594 4059 647 4118 alii
673 4059 773 4118 eciam
798 4071 989 4117 mercatores
1014 4058 1045 4116 in
1070 4057 1213 4117 tentoriis
1238 4057 1338 4116 eciam
1363 4074 1488 4135 semper

224 4162 322 4222 libere
355 4163 549 4223 mercancias
580 4183 691 4224 eorum
716 4163 939 4224 vendiderunt.
966 4164 1040 4222 ltcm
1067 4163 1178 4223 Simon
1204 4162 1243 4221 de
1269 4159 1486 4242 Zlawschyna‚

224 4267 343 4347 juratus
376 4281 406 4328 et
438 4269 645 4346 examinatus,
674 4267 774 4329 lassus
806 4283 853 4329 est
882 4269 972 4345 scitu,
1004 4266 1091 4347 quod
1125 4286 1250 4347 semper
1281 4267 1313 4325 in
1347 4266 1486 4347 capitulo

223 4387 414 4434 mercatores
436 4388 607 4436 tenuerunt
631 4375 756 4436 bolthas
780 4389 810 4435 et
835 4375 1038 4435 mercancias.
1064 4374 1140 4433 ltem
1166 4374 1276 4433 Petrus
1302 4373 1422 4454 Polyak
1448 4372 1486 4431 de

223 4478 380 4539 thodol
402 4493 432 4540 et
449 4479 601 4541 Clemens
621 4481 660 4541 de
682 4481 805 4557 eadem,
827 4480 952 4541 nobiles
972 4480 1140 4540 comitatus
1157 4478 1377 4538 urarasdiensis
1393 4477 1486 4557 jurati

224 4605 258 4645 ac
290 4605 431 4646 seorsum
461 4599 492 4646 et
523 4587 710 4667 singillatim
745 4587 927 4664 examinati,
952 4585 1025 4646 lassi
1057 4598 1130 4645 sunt
1163 4584 1363 4645 concorditer
1395 4584 1485 4661 scitu,

224 4690 310 4769 quod
345 4691 403 4770 ipsi
437 4712 562 4772 semper
593 4693 684 4773 piper
712 4706 743 4753 et
768 4712 895 4752 crocum
921 4705 951 4752 et
974 4691 1034 4752 alia
1059 4690 1234 4751 necessaria
1260 4703 1323 4749 tam
1347 4689 1485 4750 serotino

225 4809 254 4856 et
285 4811 442 4857 nocturno
477 4811 632 4880 tempore,
668 4817 764 4878 quam
801 4799 901 4858 eciam
936 4798 1006 4858 aliis
1041 4797 1240 4878 temporibus
1276 4797 1307 4855 iu
1344 4796 1484 4876 capitulo
