3472 5242
675 347 749 405 Doc.
763 358 817 421 55.
838 380 877 388 -
894 347 954 408 An.
972 360 1057 425 1507.
1452 367 1491 429 57

225 593 361 654 rumque
392 573 511 635 civium
537 573 672 634 civitatis
696 586 803 634 nostre
828 573 1108 654 Montisgrecensis
1128 574 1310 655 accepimus
1334 594 1398 637 non
1423 575 1491 637 sine

225 679 440 760 displicencia,
464 679 553 760 quod
582 679 655 741 licet
687 679 746 760 ipsi
778 691 974 760 exponentes
1005 679 1136 761 antiqua
1165 679 1317 742 libertatis
1342 681 1486 762 ipsorum

225 785 425 867 prerogativa
456 805 513 865 per
544 784 681 847 condam
713 785 806 847 divos
837 804 937 866 reges,
962 798 1087 849 nostros
1107 786 1227 848 scilicet
1251 786 1492 868 predecessores

225 890 301 971 ipsis
337 891 481 973 graciose
516 910 675 970 concessa,
700 892 892 973 requirente,
925 912 942 952 a
978 893 1090 974 quavis
1125 892 1290 954 solucione
1325 893 1491 956 tributaria

225 997 363 1079 exempti
396 1010 427 1058 et
457 997 633 1078 supportari
666 998 729 1059 sint
762 1010 793 1061 et
823 997 1011 1060 habeantur.
1047 998 1172 1061 Tamen
1207 997 1310 1063 lorent
1342 1000 1491 1063 nonnulli

225 1102 351 1165 nobiles
382 1116 413 1165 et
444 1102 574 1165 alterius
605 1103 806 1165 condicionis
833 1102 981 1167 homines
1005 1104 1037 1165 in
1062 1123 1162 1184 regno
1186 1118 1295 1166 nostro
1321 1104 1491 1168 Sclavonle

226 1220 474 1287 commorantes,
508 1210 691 1289 tributaque
731 1223 763 1270 et
797 1208 938 1270 thelonia
975 1209 1138 1288 habentes,
1174 1210 1228 1291 qui
1268 1229 1333 1272 non
1373 1212 1491 1273 curatis

227 1314 366 1396 antiquis
401 1314 523 1394 juribus
562 1328 593 1376 et
631 1315 830 1376 libertatibus
862 1315 1040 1377 eorundem
1076 1317 1322 1397 exponencium,
1358 1317 1489 1380 eosdem

227 1434 336 1483 contra
360 1420 428 1502 jura
453 1421 596 1502 ipsorum
620 1420 806 1481 huiusmodi
831 1422 864 1483 in
886 1421 965 1483 locis
985 1422 1192 1483 exaccionum
1212 1422 1371 1485 dictorum
1392 1423 1491 1485 tribu-

227 1540 343 1604 torum,
367 1524 652 1609 theloniorumque
676 1545 808 1587 suorum
834 1526 873 1589 ad
897 1527 1061 1607 quandam
1085 1526 1262 1591 indebitam
1286 1529 1490 1607 tributorum,

226 1631 510 1713 theloniorumque
538 1633 739 1694 solucionem
768 1645 929 1712 cogerent,
950 1651 1128 1713 cogereque
1159 1646 1189 1695 et
1210 1633 1403 1714 compellere
1426 1635 1490 1697 vel-

227 1737 304 1816 lent,
338 1737 488 1820 ipsosque
513 1758 569 1819 per
592 1737 653 1800 hoc
677 1739 897 1820 opprimerent
920 1752 951 1799 et
975 1737 1250 1819 dampnificarent,
1275 1759 1380 1820 neque
1405 1740 1491 1822 ipsos

227 1843 259 1905 in
284 1842 407 1923 juribus
430 1857 461 1906 et
486 1844 687 1905 libertatibus
710 1844 853 1924 ipsorum
878 1858 1112 1906 conservarent.
1131 1843 1377 1925 Supplicacione
1395 1846 1492 1927 igitur

227 1968 284 2030 pro
315 1962 404 2030 parte
434 1949 594 2011 dictorum
624 1950 860 2030 exponencium
885 1950 979 2012 nobis
1004 1950 1176 2031 superinde
1201 1951 1308 2012 oblata
1332 1952 1490 2032 exaudita,

226 2054 373 2117 nolentes
405 2056 490 2136 ipsos
522 2076 578 2137 per
609 2056 779 2137 quospiam
811 2055 842 2116 in
875 2054 998 2137 juribus
1031 2058 1175 2138 ipsorum
1208 2077 1224 2118 a
1257 2056 1339 2118 divis
1363 2059 1491 2139 regibus

227 2161 348 2224 eisdem
373 2161 506 2223 indultis
529 2176 560 2223 et
584 2162 743 2222 concessis
766 2162 916 2243 opprimi,
941 2163 1132 2225 mandamus
1152 2161 1360 2226 fidelitatibus
1382 2165 1491 2226 vestris

227 2265 340 2328 harum
363 2267 444 2328 serie
467 2266 610 2344 firmiter,
636 2281 795 2348 quatenus
817 2268 954 2349 acceptis
978 2269 1189 2350 presentibus,
1214 2281 1244 2330 et
1266 2271 1371 2348 rebus,
1388 2270 1432 2331 sic
1457 2285 1491 2332 ut

227 2370 384 2454 prefertur
414 2392 447 2434 se
479 2373 681 2450 habentibus,
707 2374 872 2435 universos
899 2388 931 2435 et
954 2374 1099 2454 singulos
1121 2375 1344 2438 huiuscemodi
1367 2376 1492 2438 nobiles

228 2492 259 2541 et
289 2479 419 2541 alterius
449 2479 649 2540 condicionis
682 2479 840 2555 homines,
872 2482 1051 2543 turbatores
1083 2481 1232 2543 videlicet
1262 2495 1294 2542 ct
1321 2481 1492 2545 violatores

228 2584 385 2646 dictarum
416 2585 600 2646 libertatum
633 2584 829 2667 prelatorum
859 2587 1105 2667 exponencium,
1130 2587 1170 2648 ad
1193 2602 1321 2651 octavas
1345 2588 1492 2669 primitus

228 2691 260 2751 in
285 2690 342 2753 illo
367 2710 466 2771 reguo
491 2705 600 2752 nostro
626 2691 795 2753 Sclavonie
821 2691 1037 2769 celebrandas,
1051 2712 1109 2773 pro
1131 2692 1197 2771 jure
1215 2708 1245 2754 et
1261 2693 1491 2755 consvetudine

227 2797 370 2859 eiusdem
383 2798 472 2877 regni
490 2798 600 2874 nostri,
618 2798 712 2859 vestri
732 2798 763 2857 in
781 2798 978 2879 presenciam
996 2818 1172 2859 convocare
1190 2812 1220 2859 et
1237 2800 1353 2860 auditis
1369 2798 1490 2862 eisdem

227 2902 380 2984 partibus,
415 2904 554 2984 visisque
594 2903 717 2982 juribus
751 2918 782 2965 et
817 2903 1007 2966 litteralibus
1046 2904 1265 2965 instrumentis
1301 2905 1490 2983 eorundem,

227 3009 398 3088 negocium
429 3009 490 3071 hoc
521 3023 625 3089 partes
657 3010 738 3070 inter
771 3010 898 3070 easdem
931 3009 1014 3089 justo
1047 3009 1145 3070 modo
1177 3010 1320 3072 revidere
1344 3023 1376 3072 et
1399 3009 1487 3090 quod

227 3113 345 3193 justum
371 3113 466 3176 luerit
482 3116 563 3176 inter
580 3116 664 3198 ipsas
680 3129 784 3197 partes
802 3115 904 3176 lacere
921 3115 1021 3176 eciam
1041 3130 1072 3175 et
1088 3116 1201 3195 exequi
1220 3115 1325 3176 modis
1340 3116 1492 3177 omnibus

227 3219 369 3283 debeatis
392 3235 423 3282 et
447 3221 631 3285 teneamini.
665 3222 762 3283 secus
786 3241 851 3282 non
876 3221 999 3282 facturi.
1031 3221 1235 3282 presentibus
1258 3221 1415 3302 perlectis,
1439 3241 1491 3283 ex-

227 3324 348 3389 hibenti
380 3326 541 3388 restitutis.
566 3327 684 3389 Datum
717 3326 806 3387 Bude
839 3325 916 3388 feria
948 3326 1088 3387 secunda
1112 3327 1257 3408 proxima
1281 3339 1352 3408 post
1375 3325 1491 3389 festum

227 3432 429 3494 sacratissimi
454 3432 597 3514 corporis
621 3432 750 3494 Christi.
767 3437 864 3493 Anno
881 3432 1024 3495 eiusdem
1042 3431 1215 3493 millesimo
1232 3432 1491 3513 quingentesimo

227 3537 375 3618 septimo

334 3658 470 3724 Originale
488 3658 514 3712 iu
533 3660 632 3725 charta,
648 3661 674 3711 iu
694 3660 811 3726 margine
830 3658 948 3714 interiori
967 3661 1125 3724 impressum
1146 3664 1187 3711 est
1207 3660 1331 3724 sigillum.
1345 3660 1373 3711 la
1392 3663 1490 3717 archiv.

227 3745 271 3799 lib.
292 3762 347 3812 reg.
367 3747 437 3799 civit.
458 3749 565 3812 zagrab.

830 3998 886 4061 55.

332 4137 405 4187 Anno
427 4138 501 4201 1507,
521 4139 545 4191 7.
564 4139 732 4202 septembris.
752 4137 907 4202 Zagrabiae.

234 4264 339 4322 Coram
370 4266 494 4339 capetulo
523 4265 640 4337 zogrob.
677 4265 837 4337 Gregorius
860 4266 957 4340 siedex
988 4267 1113 4322 civitatis
1144 4268 1246 4323 montis
1275 4266 1426 4325 Grecensis
1458 4267 1492 4324 de

223 4371 430 4444 possesionibus
453 4372 611 4429 Petroor'no
639 4380 666 4429 et
687 4353 883 4447 Silsizkonina,
906 4370 1040 4445 Sopltt'ae,
1066 4372 1199 4429 Andreae
1228 4374 1346 4445 Iabning
1375 4373 1490 4447 viduae,

399 4477 522 4551 idonens,
545 4480 766 4535 intercessionem
782 4479 864 4551 focr't
884 4485 986 4536 contro
1011 4476 1196 4536 Vlndi'slonm
1218 4497 1319 4551 regem.

334 4616 400 4676 Nos
431 4615 607 4698 capitulum
639 4616 770 4677 ecclesie
796 4616 1019 4696 zagrabiensis.
1046 4618 1201 4679 Memoris
1225 4617 1492 4679 commendamus

229 4712 285 4802 pei
308 4733 480 4801 presentes,
504 4722 592 4801 quod
616 4722 863 4803 circumspectus
887 4720 1072 4802 Gregorius,
1097 4721 1193 4802 judex
1216 4722 1352 4786 civitatis
1374 4723 1492 4785 montis

230 4824 398 4888 Grecensis
435 4826 466 4887 in
506 4845 573 4905 sua,
604 4826 806 4908 aliorumque
841 4827 1060 4889 universorum
1096 4828 1216 4890 civium
1251 4842 1281 4889 et
1315 4828 1491 4910 juratorum
