3472 5242
656 333 728 392 Dac.
749 328 805 406 96.
832 365 870 375 -
895 333 951 389 An.
977 343 1063 407 1511.

834 560 896 626 96.

331 719 405 769 1111110
429 719 502 780 1511,
526 718 564 768 11.
584 717 752 780 septembris.
773 713 929 780 Zagrabtae.

234 842 409 904 Concedente
424 853 509 918 papa
527 844 616 920 Julia
631 843 673 903 ΙΙ.
690 844 833 912 Allatas,
841 846 1027 916 praepositus
1042 841 1165 917 capitali
1177 844 1293 916 zagrab.
1310 851 1338 900 et
1351 843 1493 917 Andreas,

222 952 406 1024 praepositus
435 950 558 1023 capituli
586 948 732 1017 lasnrem's,
758 966 781 1007 s.
806 947 938 1008 Emcrr'cr'
959 951 1137 1022 parochiam
1172 953 1202 1005 in
1231 951 1359 1027 capitula
1381 951 1494 1018 tollunt,

223 1057 449 1130 parochiamque
480 1055 608 1112 amnibus
629 1052 751 1132 Jiaribus
780 1056 947 1112 instructam
970 1056 999 1111 in
1023 1055 1167 1113 desertam
1191 1056 1333 1112 ecclesiam
1363 1055 1493 1112 Cisterri-

405 1168 507 1219 tensam
529 1178 552 1219 s.
577 1160 697 1216 Mariae
719 1161 749 1215 in
773 1178 845 1217 area
867 1161 990 1232 capituli
1008 1162 1094 1218 silam
1118 1161 1309 1235 transferunt.

334 1303 368 1363 ln
385 1300 517 1362 nomine
534 1311 640 1360 sancte
658 1311 688 1359 et
708 1299 873 1360 individue
893 1299 1070 1379 Trinitatis,
1087 1300 1183 1382 patris
1200 1314 1230 1362 et
1246 1300 1303 1362 filii
1320 1315 1351 1362 et
1367 1301 1495 1383 spiritus

228 1408 338 1470 sancti.
362 1411 477 1468 Amen.
506 1405 656 1466 Albertus
680 1404 719 1465 de
745 1403 864 1483 Kasuh,
889 1405 1114 1486 zagrabiensis,
1139 1418 1169 1467 et
1202 1407 1347 1469 Andreas
1378 1407 1493 1468 artium

229 1527 260 1575 et
285 1514 485 1575 decretorum
506 1511 628 1589 doctor,
646 1530 703 1571 nec
727 1530 792 1571 11011
815 1530 901 1571 sacre
922 1510 1084 1592 theologie
1101 1510 1272 1593 professor,
1289 1512 1494 1591 chasmensis,

229 1621 434 1683 ecclesiarum
459 1618 623 1700 prepositi,
652 1631 683 1678 et
713 1616 859 1678 canonici
891 1617 1023 1679 ecclesie
1046 1619 1261 1699 zagrabiensis
1284 1619 1437 1700 predicte,
1461 1618 1492 1679 in

232 1745 391 1807 causaque
428 1738 458 1786 et
494 1723 595 1785 causis
630 1721 711 1784 111111
744 1722 910 1804 descriptis
945 1736 1129 1785 executores
1160 1744 1177 1785 a
1209 1725 1284 1786 sede
1317 1725 1493 1807 apostolica

139 1853 142 1860 ·
229 1832 409 1914 specialiter
439 1830 531 1892 electi
565 1843 595 1890 et
627 1829 769 1911 deputati
799 1829 954 1890 universis
978 1843 1009 1890 et
1031 1830 1165 1912 singulis
1189 1845 1352 1912 presentes
1375 1831 1494 1892 litteras

230 1952 353 1999 nostras
384 1936 572 2018 inspecturis
603 1935 739 1996 salutem
772 1935 803 1995 in
836 1933 970 1996 domino
994 1936 1232 2017 sempiternam.
1259 1935 1493 2018 significamus,

230 2044 429 2105 insinuamus
467 2055 498 2102 et
536 2042 737 2123 presentibus
767 2040 879 2102 litteris
915 2043 1031 2102 nostris
1066 2042 1341 2104 executionalibus
1376 2042 1494 2123 quibus

230 2149 358 2232 expedit
390 2149 541 2210 omnibus
569 2146 787 2209 notificamus:
812 2147 900 2227 quod
925 2167 984 2209 nos
1008 2148 1046 2209 de
1071 2168 1156 2209 anno
1180 2148 1413 2210 incarnacionis
1437 2147 1494 2208 do·

230 2256 347 2317 minice
367 2254 540 2315 millesimo
558 2253 817 2335 quingentesimo
833 2253 1017 2332 undecim0,
1035 2253 1214 2315 indiccione
1231 2254 1355 2316 decima
1372 2264 1495 2334 quarta,

133 2367 137 2374 '
231 2360 399 2422 undecima
431 2359 548 2420 mensis
576 2359 775 2440 septembris,
800 2357 1002 2439 pontificatus
1026 2372 1134 2421 autem
1157 2359 1346 2421 sanctissimi
1371 2357 1494 2420 domini

230 2466 340 2543 nostri,
373 2464 496 2526 domini
529 2464 616 2543 Julii,
640 2463 749 2525 divina
782 2464 990 2545 providencia
1021 2485 1103 2547 pape
1137 2465 1279 2542 secundi,
1308 2484 1394 2526 anno
1426 2463 1495 2524 eius

230 2584 355 2649 octavo,
379 2572 411 2632 in
443 2571 515 2632 loco
548 2569 742 2631 iudiciorum
776 2583 807 2631 et
838 2589 1005 2632 causarum
1034 2570 1319 2632 examinandarum
1345 2569 1440 2631 solito
1464 2581 1495 2630 et

230 2689 393 2755 consveto,
422 2676 588 2758 Zagrabie,
619 2675 876 2753 consederemus,
903 2689 979 2737 tunc
1011 2697 1028 2739 e
1061 2676 1169 2737 medio
1202 2676 1338 2738 aliorum
1371 2677 1429 2736 sub
1462 2674 1494 2736 id

230 2797 357 2864 tempus
388 2782 453 2843 illic
480 2780 687 2843 existencium
722 2782 753 2842 in
778 2782 975 2863 presenciam
999 2783 1098 2844 nostri
1123 2802 1279 2864 exurgens
1303 2780 1495 2844 venerabilis

230 2889 381 2950 dominus
398 2887 533 2950 Mathias
557 2889 596 2949 de
613 2887 839 2970 Bedennycha,
856 2889 955 2950 lector
977 2902 1008 2949 et
1029 2888 1201 2950 canonicus
1224 2887 1343 2970 prefate
1360 2887 1492 2949 ecclesie

230 2995 455 3074 zagrabiensis,
476 3007 663 3076 procurator
695 2993 870 3075 legittimus
901 2994 1109 3056 dominorum
1141 2995 1271 3077 capituli
1303 3008 1334 3055 et
1364 2993 1494 3056 canoni-

189 3104 191 3109 '
231 3120 341 3162 corum
361 3100 505 3161 eiusdem
528 3100 670 3179 ecclesie,
688 3095 808 3161 ibidem
831 3120 938 3161 coram
961 3101 1093 3163 notariis
1114 3114 1145 3163 et
1160 3103 1293 3163 testibus
1309 3099 1495 3182 subscriptis

230 3205 349 3267 litteras
372 3206 526 3287 quasdam
551 3219 674 3267 nostras
696 3206 728 3267 in
750 3204 853 3267 forma
875 3207 1039 3269 citacionis
1060 3220 1233 3287 emanatas,
1249 3208 1282 3268 in
1307 3206 1494 3286 foribusque

230 3312 362 3373 ecclesie
394 3312 608 3392 zagrabiensis
636 3312 777 3393 predicte
808 3313 960 3373 canonice
985 3325 1132 3374 executas
1157 3331 1294 3374 unacum
1317 3311 1495 3373 commissi·

231 3418 349 3479 onibus
381 3431 413 3478 et
443 3418 602 3479 mandatis
626 3418 809 3499 apostolicis
832 3418 1003 3478 simulcum
1026 3418 1263 3500 supplicacione
1288 3417 1427 3498 quadam
1448 3417 1494 3476 in·

230 3525 379 3604 troclusa,
404 3543 542 3605 quorum
565 3536 691 3585 tenores
715 3523 796 3585 inlra
819 3523 1026 3603 subicientur,
1044 3523 1240 3606 reproduxit,
1257 3523 1414 3603 nobisque
1436 3541 1494 3604 pro

231 3630 423 3691 execucione
447 3629 633 3708 earundem,
650 3643 684 3692 ut
706 3631 906 3707 tenebamur,
923 3629 1055 3691 indilate
1078 3628 1234 3708 facienda,
1251 3628 1349 3706 dedit,
1366 3628 1496 3689 tradidit

231 3748 262 3796 et
285 3734 466 3815 assignavit.
492 3734 727 3816 Cuiusquidem
750 3735 925 3815 citacionis,
942 3735 1253 3817 supplicacionisque
1270 3735 1494 3796 mandatorum

231 3839 482 3921 apostolicorum
506 3853 598 3901 tenor
622 3854 667 3901 est
692 3841 727 3918 is,
752 3841 806 3921 qui
832 3841 976 3921 sequitur
1000 3841 1039 3901 ad
1065 3843 1218 3903 verbum:
1243 3841 1329 3923 (vide
1346 3841 1424 3902 Doc.
1443 3862 1494 3922 95.
1589 3877 1590 3880 =

231 3966 305 4007 ann.
335 3968 425 4026 15¹1·
450 3968 500 4029 30.
518 3947 666 4028 augusti).
692 3947 725 4007 ln
750 3947 893 4027 margine
918 3960 1026 4007 autem
1050 3946 1192 4008 interiori
1217 3947 1360 4008 eiusdem
1386 3946 1495 4007 Brevis

231 4052 426 4113 scribebatur
443 4052 482 4113 de
500 4052 613 4114 eadem
634 4072 742 4130 manu,
760 4065 794 4112 ut
815 4054 998 4134 apparebat,
1021 4051 1081 4113 hoc
1099 4052 1217 4114 modo:
1235 4052 1271 4113 F.
1288 4052 1495 4113 Armellinus.

232 4158 265 4218 ln
298 4171 388 4239 tergo
421 4178 497 4219 vero
529 4157 705 4220 lorinsecus
735 4143 796 4218 hoc
828 4158 946 4219 modo:
972 4158 1106 4219 Dilectis
1129 4157 1203 4219 liliis
1227 4158 1441 4239 zagrabiensis
1465 4170 1496 4218 et

231 4263 425 4325 chasmensis
449 4265 653 4325 ecclesiarum
677 4264 847 4345 prepositis
876 4264 925 4324 vel
951 4284 1062 4325 eorum
1086 4264 1187 4326 alteri.
1220 4265 1253 4325 ln
1278 4264 1363 4326 calce
1388 4278 1494 4326 autem

232 4370 376 4431 eiusdem
408 4370 554 4431 similiter
585 4372 624 4430 ab
654 4385 750 4447 extra,
775 4370 836 4430 sic:
862 4370 935 4432 Hie.
960 4370 999 4431 de
1025 4369 1268 4431 Corbonniano.
1291 4371 1396 4432 Series
1419 4389 1495 4431 vero

231 4476 473 4558 supplicationis
507 4475 678 4536 introcluse
704 4488 750 4535 est
775 4474 843 4554 hec,
867 4494 930 4555 que
955 4475 1116 4556 sequitur:
1142 4474 1226 4557 (vide
1251 4476 1329 4539 Doc.
1356 4477 1395 4558 83
1421 4496 1494 4538 ann.

237 4581 352 4664 1510).
380 4583 413 4643 ln
445 4581 587 4661 margine
621 4600 697 4641 vero
730 4580 871 4642 inferiori
907 4581 1052 4642 eiusdem
1081 4582 1330 4663 supplicacionis
1361 4583 1401 4644 de
1432 4582 1494 4643 alia

232 4706 330 4748 manu
363 4687 410 4768 (ut
433 4685 627 4768 apparebat),
650 4687 695 4748 sic
727 4686 879 4768 scriptum
904 4700 989 4749 erat:
1016 4686 1224 4766 Concessum,
1249 4700 1283 4749 ut
1306 4689 1433 4769 petitur.
1458 4687 1492 4747 ln

232 4794 394 4873 presencia
426 4791 550 4854 domini
572 4812 665 4874 pape.
690 4792 800 4855 Petrus
823 4791 994 4854 cardinalis
1016 4793 1115 4855 sancti
1141 4793 1283 4856 Eusebii.
1305 4829 1347 4839 -
1371 4794 1491 4875 Junge·
