3472 5242
235 353 274 412 50
659 338 731 395 Doc.
750 351 803 414 49·
832 370 869 381 -
898 338 956 398 An.
982 334 1073 412 1506.

232 561 446 643 zagrabiensis
481 575 512 624 et
546 562 751 643 chasmensis,
786 579 862 646 puta
898 565 1135 626 venerabilibus
1171 564 1328 626 dominis:
1365 565 1498 626 Alberto

232 669 395 750 preposito
426 669 552 748 maiori,
583 671 719 732 Nicolao
751 670 937 754 dubycensi,
972 670 1116 732 lobanne
1152 671 1356 747 camarcensi,
1396 671 1497 732 altero

233 773 378 837 lohanne
402 777 572 856 goricensi,
589 776 717 838 Andrea
742 778 888 856 Kemlek,
913 778 1077 858 utriusque
1102 776 1179 858 juris
1203 778 1345 854 doctore,
1362 776 1498 837 Nicolao

233 879 347 959 Vaslra,
371 883 499 944 Andrea
531 882 677 943 similiter
701 882 831 945 doctore
856 884 967 961 Bexin,
991 882 1240 957 archidiaconis;
1267 881 1422 943 Michaele
1446 902 1500 944 cu-

233 987 334 1064 stode,
351 987 517 1051 Anthonio
538 987 577 1048 de
596 988 829 1071 Megwrechye,
846 989 991 1050 lohanne
1014 989 1053 1049 de
1072 988 1221 1066 Chasma,
1239 989 1401 1049 canonicis
1417 987 1499 1048 dicte

232 1092 365 1153 ecclesie
396 1106 502 1154 nostre
534 1093 765 1175 zagrabiensis;
790 1095 867 1155 item
891 1095 1128 1156 venerabilibus
1152 1094 1302 1172 dominis,
1321 1094 1499 1155 Laurencio

235 1198 364 1276 lectore,
389 1199 518 1259 Matheo
550 1198 692 1277 custode,
717 1198 874 1261 Michaele
906 1200 946 1261 de
970 1199 1075 1261 Crisio
1104 1213 1134 1260 et
1160 1198 1303 1279 Georgio
1328 1199 1406 1259 alias
1431 1218 1499 1259 suc·

234 1315 374 1381 centore,
393 1304 554 1365 canonicis
570 1303 653 1365 dicte
671 1305 803 1366 ecclesie
820 1319 925 1366 nostre
945 1305 1149 1383 ehamensis,
1166 1305 1317 1384 dictoque
1335 1303 1499 1386 Stephano

233 1408 351 1470 lectore
385 1409 424 1470 ad
457 1409 518 1470 hoc
551 1409 608 1471 rite
640 1423 671 1472 et
702 1410 843 1490 legitime
875 1425 1000 1489 vocato,
1024 1431 1082 1492 pro
1110 1410 1261 1471 tribunali
1299 1410 1445 1471 sedentes
1469 1425 1500 1470 et

234 1534 362 1575 causam
395 1516 497 1597 ipsam
529 1536 604 1577 cura
636 1515 783 1597 diligenti
816 1529 847 1578 et
876 1532 1022 1578 accurata
1058 1517 1288 1594 examinantes,
1321 1537 1357 1576 ex
1389 1529 1500 1577 tenore

233 1621 414 1683 testamenti
439 1621 515 1682 dicti
539 1621 629 1682 Pauli
654 1622 771 1703 Zyzek,
788 1641 885 1683 manu
907 1623 1027 1683 scilicet
1044 1622 1186 1683 annotati
1205 1620 1356 1703 Stephani
1375 1621 1501 1682 lectoris

233 1727 361 1809 propria
396 1727 577 1808 conscripti,
602 1727 736 1807 aliisque
768 1723 987 1789 instrumentis
1015 1741 1046 1788 et
1070 1727 1288 1805 munimentis,
1312 1747 1348 1788 ac
1372 1727 1500 1808 propria

234 1832 378 1894 eiusdem
415 1830 626 1911 confessione,
650 1833 851 1913 presentibus
886 1832 1005 1893 ibidem
1043 1833 1173 1893 notariis
1210 1846 1240 1894 et
1271 1833 1501 1893 tabellionibus

233 1938 353 1998 vocatis
385 1937 509 1998 adhoc
533 1938 716 2017 rogatisque
741 1951 771 1998 et
795 1938 955 2019 requisitis
979 1938 1165 2020 reperimus,
1190 1937 1332 1999 vidimus
1355 1952 1386 1999 et
1410 1938 1500 1999 certi·

232 2043 420 2104 tudinaliter
462 2062 601 2103 unacum
643 2042 735 2105 dictis
774 2042 923 2104 fratribus
961 2044 1077 2105 nostris
1115 2043 1338 2124 cognovimus,
1378 2043 1499 2105 dictum

235 2148 432 2230 Stephanum
457 2149 609 2210 lectorem
633 2148 884 2229 quadringentos
908 2169 1001 2231 supra
1026 2169 1078 2209 sex
1104 2163 1133 2210 et
1158 2149 1269 2230 viginti
1294 2150 1432 2210 florenos
1461 2149 1500 2209 de

235 2255 379 2337 pecuniis
410 2254 544 2336 predicti
578 2254 669 2315 Pauli
702 2255 808 2336 Zyzek
842 2253 983 2316 defuncti
1012 2255 1097 2316 furto
1122 2269 1152 2315 et
1175 2255 1415 2335 sacrilegialiter
1439 2255 1498 2316 sibi

235 2361 294 2441 ipsi
326 2361 480 2440 recepisse
514 2374 545 2421 et
576 2379 753 2442 usurpasse,
799 2360 1002 2441 eundemque
1035 2361 1199 2442 publicum
1234 2374 1264 2420 et
1295 2359 1500 2421 manifestum

234 2466 520 2547 calumpniatorem
546 2479 576 2525 et
601 2465 810 2526 detractorem
833 2465 966 2527 honoris
989 2478 1020 2526 et
1044 2465 1207 2546 dignitatis
1222 2479 1292 2526 turn
1309 2479 1414 2527 nostre
1430 2479 1499 2527 tum

235 2571 336 2632 eciam
376 2571 508 2632 ecclesie
548 2584 654 2632 nostre
689 2571 829 2652 predicte
863 2591 898 2630 ex
934 2584 1046 2632 tenore
1082 2585 1164 2632 carte
1201 2571 1367 2632 cuiusdam
1403 2591 1500 2632 manu

235 2677 363 2758 propria
396 2675 539 2738 confecte
571 2677 677 2758 palam
709 2690 740 2738 et
763 2690 870 2760 aperte
893 2677 1083 2757 collegimus
1106 2677 1256 2738 extitisse.
1282 2678 1323 2738 Et
1346 2678 1500 2757 quoniam

235 2783 458 2845 huiuscemodi
497 2783 642 2865 nepharii
678 2784 846 2863 egencium
882 2783 1062 2844 animarum
1098 2797 1272 2862 necatores,
1309 2783 1500 2865 pietatisque

236 2889 344 2951 divine
369 2891 618 2967 exacerbatores,
642 2902 823 2950 sanctorum
852 2902 978 2971 patrum
1004 2890 1154 2951 institutis
1178 2910 1245 2950 esse
1270 2880 1500 2971 prohibentur3

235 2994 394 3056 nollentes
424 3009 490 3056 tarn
522 3015 668 3077 perverse
702 3009 832 3076 agentes
863 3008 894 3056 et
928 2995 1098 3056 sceleratos
1130 2996 1161 3056 in
1196 2995 1328 3057 ecclesia
1361 2995 1411 3055 dei
1441 2995 1500 3055 sub

235 3101 367 3162 nomine
392 3102 564 3162 sanctitatis
588 3115 618 3162 et
639 3099 770 3162 bon'oris
787 3101 1021 3182 quoquomodo
1039 3100 1188 3183 perferre,
1206 3101 1407 3182 potissimum
1425 3100 1500 3181 quia
1584 3133 1586 3136 ·

236 3207 363 3288 culpam
390 3206 533 3268 facientis
557 3207 672 3268 habere
690 3207 900 3284 convincitur,
918 3207 971 3288 qui
994 3207 1157 3285 delictum,
1174 3206 1376 3287 quodvidet,
1393 3225 1500 3266 etnen·

236 3312 311 3374 dare
334 3313 479 3393 negligit,
511 3312 631 3374 dictum
659 3312 855 3393 Stephanum
885 3313 1036 3374 lectorem
1061 3332 1134 3373 curn
1159 3332 1316 3373 consensu
1341 3312 1499 3373 dictorum

238 3417 369 3479 fratrum
394 3432 577 3479 nostrorum
600 3432 754 3499 tanquam
778 3437 872 3479 ovem
896 3418 1088 3496 morbidam,
1106 3438 1145 3478 ne
1166 3438 1242 3499 grex
1259 3419 1427 3479 universus
1444 3437 1500 3498 per

238 3544 311 3586 eum
337 3523 505 3601 inficiatur,
518 3524 685 3585 consorcio
710 3523 841 3584 fratrum
872 3537 1054 3585 nostrorum
1078 3523 1209 3604 capituli
1234 3523 1366 3585 ecclesie
1391 3542 1499 3603 zagra-

237 3631 356 3691 biensis
384 3630 536 3711 predicte,
560 3630 753 3709 secretisque
784 3629 973 3707 eorundem,
998 3649 1033 3690 ac
1066 3629 1188 3690 honore
1221 3629 1305 3690 stalli
1337 3649 1393 3710 per
1419 3627 1500 3689 hanc

234 3736 429 3797 sentenciam
454 3748 595 3796 nostram
620 3733 822 3796 diffinitivam
846 3735 878 3794 in
903 3734 1100 3815 biisscriptis
1123 3748 1278 3815 perpetuo
1296 3734 1499 3815 privandum,

235 3842 506 3923 spoliandumquc
537 3860 604 3901 esse
637 3839 853 3900 deffinivimus
885 3853 915 3901 et
946 3838 1191 3917 declaravimus,
1217 3840 1441 3920 privatumque
1470 3852 1500 3899 et

235 3947 408 4029 spoliatum
433 3945 609 4007 diffinimus
632 3960 663 4007 et
687 3945 885 4007 declaramus
905 3944 1019 4006 harum
1038 3958 1217 4006 nostrarum
1239 3946 1349 4026 vigore
1367 3959 1397 4005 et
1413 3945 1499 4006 testi·

235 4055 347 4115 monio
371 4054 535 4115 literarum
558 4053 729 4113 mediante.
747 4052 780 4112 ln
805 4051 894 4113 cuius
918 4051 964 4111 rei
990 4052 1179 4111 memoriam
1202 4065 1364 4132 presentes
1380 4051 1500 4111 litteras

237 4173 369 4238 nostras,
394 4159 501 4240 sigillo
534 4171 654 4235 nostr0,
679 4177 744 4238 quo
776 4171 810 4217 ut
841 4157 1010 4238 episcopus
1034 4157 1247 4218 communiter
1273 4157 1317 4218 uti
1344 4158 1497 4234 solemus,

236 4284 309 4326 cum
333 4264 571 4346 subscripcione
595 4263 795 4325 notariorum
819 4263 1051 4324 autenticorum
1077 4264 1227 4324 roborare
1252 4277 1282 4324 et
1307 4262 1499 4324 communiri

236 4369 379 4433 fecimus.
416 4372 535 4432 Datum
568 4356 613 4431 in'
631 4389 702 4430 arce
734 4383 840 4430 nostra
872 4369 1061 4430 Chasmensi
1092 4369 1193 4451 prima
1228 4369 1346 4430 mensis
1379 4368 1498 4429 marcii.

236 4481 332 4536 Anno
357 4475 480 4537 domini
504 4475 678 4537 millesimo
704 4475 963 4556 quingentesimo
987 4489 1086 4537 sexto.

344 4597 417 4658 (Alta
435 4597 530 4663 manu).
552 4582 592 4642 Et
609 4599 669 4661 ego
687 4580 833 4641 Matheus
845 4593 937 4641 natus
951 4579 1099 4662 Gregorii
1113 4580 1151 4640 de
1164 4578 1499 4661 Zenthgewrghwara,

234 4684 408 4746 canonicus
439 4686 663 4769 zagrabiensis,
687 4685 841 4766 presbiter
872 4685 1016 4747 eiusdem
1041 4685 1207 4763 dioecesis,
1229 4705 1316 4747 sacra
1340 4683 1498 4765 imperiali

294 4800 302 4808 ⁴
327 4789 422 4853 ritate
454 4793 598 4857 notarius
628 4791 786 4873 publicus,
810 4791 842 4853 in
875 4791 974 4852 literis
1005 4791 1166 4870 omnibus,
1191 4810 1253 4872 que
1286 4789 1498 4872 suprascripta
1612 4792 1616 4797 '
