3472 5242
238 351 295 411 ¹52
650 332 725 393 Dec.
750 344 819 407 124.
849 364 883 373 -
908 331 964 390 An.
988 330 1078 405 1516.

233 559 362 641 collegii
388 559 475 622 chori
500 560 634 622 ecclesie
658 573 765 620 nostre
789 558 931 641 predicte
956 558 1063 619 debita
1084 576 1158 619 cum
1174 556 1327 618 instancia
1345 556 1500 637 requisiti,

233 679 391 747 quatenus
425 665 502 748 ipsis
537 665 619 727 hanc
654 677 796 726 nostram
833 664 1031 726 sentenciam
1063 662 1266 724 diffinitivam
1299 661 1501 744 presentibus

233 771 345 833 litteris
369 772 484 834 nostris
508 771 762 854 privilegialibus
786 771 961 832 inserentes
985 782 1016 831 et
1040 768 1248 830 inscribentes
1271 768 1346 831 dare
1371 781 1402 829 et
1425 786 1501 829 con-

233 876 345 940 cedere
385 877 602 960 dignaremur.
643 876 737 938 Unde
772 889 934 958 presentes
970 876 1090 937 litteras
1124 888 1248 936 nostras
1282 873 1498 956 privilegiales

235 983 400 1044 communi
424 982 548 1064 justicia
572 982 723 1044 svadente
742 981 927 1043 memoratis
943 981 1102 1063 Dyonisio
1119 980 1252 1060 decano,
1268 980 1393 1060 totique
1414 997 1501 1040 corn·

234 1088 381 1150 munitati
406 1101 437 1150 et
461 1088 599 1169 collegio
630 1087 919 1170 prebendariorum
951 1105 1090 1167 quorum
1117 1106 1213 1168 supra
1245 1085 1394 1147 duximus
1426 1104 1501 1146 con-

234 1193 417 1256 cendendas
451 1193 528 1276 juris
559 1195 702 1277 ipsorum
736 1194 776 1255 ad
802 1193 970 1255 cautelam.
1003 1193 1121 1254 Datum
1150 1192 1202 1254 die
1227 1191 1367 1271 Saturni,
1391 1205 1502 1273 quarta

235 1299 360 1361 decima
392 1299 444 1362 die
476 1299 595 1362 mensis
627 1299 718 1381 junii.
753 1304 848 1360 Anno
881 1298 1005 1360 domini
1035 1298 1209 1360 millesimo
1242 1297 1501 1380 quingentesimo

235 1405 407 1468 sedecimo.

291 1517 400 1584 Signum

289 1607 395 1660 notarii.

340 1705 525 1768 Auscultata
549 1718 580 1766 ct
603 1705 814 1767 collacioaata
837 1725 894 1788 per
917 1725 969 1766 me
995 1705 1137 1767 Blasium
1154 1719 1265 1767 natum
1284 1705 1442 1766 Francisci
1462 1705 1502 1766 de

235 1813 436 1874 Alsozdencz
469 1811 630 1873 notarium
658 1832 745 1872 sacra
769 1811 957 1873 auctoritate
981 1811 1157 1893 apostolica
1181 1811 1347 1894 publicum
1372 1824 1403 1873 et
1426 1830 1503 1872 con-

236 1918 346 1981 cordat
370 1938 443 1979 curn
467 1937 526 1979 suo
550 1918 699 1999 originali
720 1918 759 1979 de
776 1918 875 1978 verbo
893 1917 933 1978 ad
951 1919 1084 1978 verbum
1101 1937 1196 1999 super
1212 1936 1277 1998 quo
1294 1916 1377 1979 facio
1393 1916 1501 1979 fidem.

343 2057 479 2124 Originale
499 2059 524 2109 in
542 2059 641 2122 charta,
661 2057 687 2109 in
707 2059 806 2109 archiv.
826 2059 954 2110 honorab.
976 2059 1093 2124 collegii.
1116 2058 1378 2111 Praebendariorum.

829 2340 912 2404 124.

341 2501 415 2551 Anno
438 2500 513 2564 1516,
533 2495 623 2550 nense
640 2497 724 2564 junio.
743 2472 898 2575 Zagtabiae.

242 2627 402 2706 Collegium
417 2626 697 2699 praebendariorum
720 2628 869 2701 sententia,
891 2646 966 2702 quae
988 2647 1007 2683 a
1030 2629 1154 2701 capitulo
1176 2628 1210 2685 de
1231 2628 1332 2685 balneo
1355 2635 1397 2685 est
1417 2627 1503 2701 decla,

486 2751 542 2789 non
565 2740 734 2807 conterrerem,
740 2741 889 2805 provocat
909 2733 952 2789 ad
970 2733 1061 2790 sedem
1084 2734 1255 2793 Romanam,

345 2871 430 2932 Cum
462 2869 693 2952 appellacionis
725 2869 904 2947 remedium
929 2870 961 2931 in
986 2870 1165 2932 subsidium
1187 2885 1218 2933 et
1241 2870 1423 2932 relevamen
1448 2889 1505 2951 op·

237 2996 430 3062 pressorum,
454 2989 699 3057 gravatorumve
732 2997 749 3036 a
778 2975 845 3058 jure
870 2990 901 3038 et
924 2977 1041 3038 sanctis
1060 2977 1215 3059 patribus,
1240 2977 1405 3056 utriusque
1428 2975 1506 3057 juris

238 3083 423 3146 doctoribus
454 3081 494 3142 sit
525 3081 734 3142 adinventum
769 3095 803 3142 ut
835 3082 903 3143 eius
935 3082 1080 3143 subsidio
1110 3095 1140 3143 et
1163 3082 1360 3143 relevamine
1382 3082 1504 3163 gravati

238 3203 397 3266 tueantur,
421 3188 677 3268 releventurque,
702 3208 759 3270 pro
783 3207 823 3250 eo
848 3206 956 3249 coram
973 3188 1073 3249 Vobis
1090 3189 1128 3251 R.
1147 3189 1185 3250 D.
1203 3188 1344 3270 capitulo
1372 3187 1504 3248 ecclesie

238 3294 453 3377 zagrabiensis
477 3292 636 3373 judicibus
649 3294 742 3355 nobis
755 3292 936 3372 ordinariis,
958 3293 1099 3354 dominis
1120 3294 1236 3355 nostris
1250 3294 1504 3375 gratiosissimis,

238 3420 299 3482 ego
324 3399 499 3482 Dyonisius
522 3398 562 3460 de
588 3398 782 3460 Gwdowecz
807 3400 947 3461 decanus
975 3414 1005 3461 et
1029 3400 1231 3482 prebendarii
1260 3400 1348 3461 chori
1372 3399 1505 3461 ecclesie

239 3507 277 3568 R.
302 3507 341 3567 D.
366 3505 550 3566 Vestrarum
583 3505 799 3585 zagrabiensis
831 3505 863 3566 in
897 3525 1033 3586 persona
1060 3506 1163 3567 tocius
1185 3506 1425 3567 communitatis
1448 3526 1505 3566 seu

239 3611 367 3692 collegii
395 3609 681 3692 prebendariorum
713 3609 752 3670 de
786 3610 909 3687 eadem,
934 3630 1062 3672 causam
1094 3625 1125 3672 et
1156 3631 1276 3689 causas,
1301 3631 1399 3692 quam
1425 3612 1503 3673 alias

238 3715 436 3778 honorabilis
459 3714 610 3776 dominus
635 3715 816 3776 Demetrius
840 3717 1020 3797 prepositus
1044 3717 1176 3778 ecclesie
1201 3717 1291 3778 beate
1317 3718 1448 3798 virginis
1471 3718 1504 3778 in

239 3842 311 3884 area
335 3820 500 3902 capitulari
527 3821 564 3881 R.
590 3820 628 3882 D.
654 3820 691 3881 V.
716 3821 914 3902 zagrabiensi
939 3821 1081 3900 fundate,
1107 3823 1139 3883 in
1163 3843 1219 3883 sua
1243 3842 1279 3883 ac
1301 3823 1433 3885 ecclesie
1449 3844 1505 3885 sue

239 3927 384 4011 personis
417 3925 544 3987 racione
582 3926 749 3987 cuiusdam
781 3928 887 3988 balnei
922 3947 1020 4010 prope
1053 3929 1219 3990 ecclesiam
1251 3930 1342 3989 beate
1374 3929 1506 4010 virginis

239 4033 416 4117 predictam
441 4033 624 4110 constructi,
648 4033 780 4114 eiusque
798 4034 1032 4115 possessionem
1050 4034 1081 4095 in
1100 4035 1189 4096 cuius
1207 4035 1356 4096 videlicet
1372 4033 1505 4116 pacifico

240 4153 271 4202 et
294 4139 404 4220 quieto
436 4137 582 4198 dominio
606 4138 664 4199 rite
698 4153 728 4200 et
751 4139 907 4220 legittime
932 4160 949 4200 a
973 4153 1062 4201 tanto
1094 4155 1124 4201 et
1148 4161 1204 4223 per
1227 4153 1351 4202 tantum
1380 4155 1506 4222 tempus

239 4246 329 4306 cuius
344 4244 430 4305 inicii
444 4243 600 4305 memoria
614 4243 783 4306 hominum
797 4264 862 4325 non
878 4259 933 4324 est,
949 4246 1004 4326 qui
1018 4247 1120 4307 eciam
1134 4260 1202 4307 tum
1216 4247 1283 4328 ipse
1306 4260 1373 4308 tum
1392 4246 1505 4328 prede·

240 4369 380 4414 cessores
412 4349 461 4410 sui
494 4349 640 4410 omniurn
673 4350 915 4432 privilegiorum
948 4366 978 4412 et
1013 4352 1298 4413 instrumentorum
1328 4372 1387 4434 pro
1417 4341 1506 4435 parte

240 4454 529 4534 prebendariorum
561 4468 591 4517 et
622 4455 728 4517 balnei
760 4469 910 4519 sonantes
941 4457 1088 4519 habuerit
1118 4459 1217 4540 paria,
1248 4459 1447 4540 scienterque
1476 4472 1507 4520 et

240 4560 405 4621 maliciose
439 4573 548 4623 contra
579 4561 711 4623 eosdem
742 4562 971 4644 prebendarius
998 4563 1087 4624 litem
1112 4564 1249 4625 moverit
1273 4577 1303 4626 et
1327 4565 1506 4660 intentavit,

241 4683 300 4727 nec
323 4685 356 4727 se
380 4666 615 4747 quoquomodo
639 4666 799 4729 dictorum
823 4668 1066 4750 privilegiorum
1087 4681 1118 4730 et
1135 4668 1420 4731 instrumentorum
1437 4683 1505 4731 turn

241 4767 373 4833 suorum
397 4791 495 4854 quam
517 4772 804 4854 prebendariorum
829 4773 861 4835 in
879 4773 937 4835 hac
952 4788 1040 4856 parte
1058 4794 1207 4836 excusare
1222 4774 1350 4857 poterit,
1368 4775 1506 4836 nescitur
