3472 5242
672 350 744 405 Doc.
761 343 812 407 68.
833 381 869 390 -
889 349 944 408 An.
962 345 1056 423 1508.

239 572 455 655 infrascriptis,
479 589 603 657 sponte,
628 574 727 635 libere
758 588 789 634 et
821 575 930 636 animo
960 574 1136 639 deliberato
1168 576 1247 638 dixit
1278 594 1308 641 et
1340 579 1503 641 confessus

240 691 304 741 est:
336 680 425 741 illam
457 681 621 742 scedulam
652 678 799 741 fessionis
830 680 949 761 egregii
980 681 1103 743 domini
1136 683 1305 746 Baltasaris
1336 686 1375 746 de
1407 685 1503 767 Alap,

240 806 298 868 pro
332 787 555 868 cuiusquidem
590 786 718 849 scedule
755 785 979 849 falsificacione
1016 804 1046 850 et
1077 790 1245 852 abrasione
1277 792 1309 852 in
1341 792 1502 873 alianque

239 892 433 953 sentenciam
465 893 648 953 muthcione
673 892 758 953 idem
785 892 964 973 Stephanus
988 894 1178 975 judicialiter
1202 898 1366 958 convictus
1390 897 1503 976 luerat,

240 1018 272 1058 se
297 998 445 1059 manibus
468 997 606 1078 propriis
630 1011 660 1059 et
684 1019 721 1059 ex
746 1011 829 1059 certa
853 999 989 1060 sciencia
1014 1001 1144 1062 viciasse
1162 1015 1194 1062 et
1211 1000 1403 1082 falsificasse,
1420 1003 1501 1064 hanc

240 1104 359 1165 scilicet
390 1104 432 1163 ob
464 1122 603 1181 causam,
628 1117 662 1165 ut
696 1103 809 1165 eadem
841 1104 970 1166 scedula
994 1104 1172 1169 fassionalis
1196 1108 1403 1169 concordaret
1427 1128 1501 1170 cum

241 1210 353 1271 litteris
388 1229 444 1292 per
481 1211 584 1291 ipsum
611 1210 860 1292 privelegialiter
883 1212 1068 1294 conscriptis
1092 1227 1123 1274 et
1146 1214 1286 1275 emanari
1309 1214 1504 1296 procuratis;

241 1316 466 1396 subiungendo
490 1316 610 1377 ibidem
635 1317 766 1378 alteram
792 1337 930 1395 causam,
949 1318 1037 1398 quod
1060 1318 1181 1381 scilicet
1204 1319 1389 1381 credidisset
1412 1319 1503 1381 nullo

241 1420 339 1482 modo
371 1441 427 1503 per
457 1422 641 1503 quempiam
675 1421 844 1483 hominum
868 1421 1091 1484 huiuscemodi
1115 1425 1317 1486 abrasionem
1341 1439 1372 1486 et
1396 1424 1504 1486 falsifi-

242 1527 405 1588 cacionem
423 1527 572 1607 cognosci
588 1546 681 1608 posse
698 1542 730 1589 et
744 1529 897 1609 potuisse.
911 1528 1113 1590 presentibus
1130 1529 1250 1592 ibidem
1268 1530 1505 1591 venerabilibus

242 1632 399 1694 dominis:
424 1633 579 1694 Michaele
604 1635 734 1695 custode
759 1634 956 1716 zagrabiensi
981 1648 1011 1696 et
1033 1635 1161 1696 Matheo
1179 1635 1309 1697 custode
1327 1635 1505 1697 chasmensi

242 1739 403 1799 canonicis
427 1740 642 1820 zagrabiensis
666 1755 696 1801 et
718 1739 912 1802 chasmensis
937 1741 1160 1818 ecclesiarum3
1191 1742 1267 1803 item
1292 1743 1421 1823 egregio
1447 1743 1505 1803 La·

243 1844 344 1905 dislao
383 1844 527 1906 Bradach
566 1847 685 1907 vicario
719 1847 887 1928 temporali
927 1847 1128 1929 episcopatus
1166 1848 1394 1928 zagrabiensis,
1430 1848 1505 1909 item

243 1949 388 2012 lohanne
428 1950 590 2033 Supanich
630 1951 669 2013 de
709 1952 961 2031 Prezecznalew,
993 1954 1157 2015 leronimo
1198 1954 1425 2037 Dobrowoych
1465 1955 1504 2017 de

243 2056 371 2138 Polycz,
395 2057 529 2138 aliisque
553 2058 687 2119 testibus
710 2056 881 2139 fidedignis
905 2059 1026 2120 vocatis
1050 2072 1080 2120 et
1103 2059 1271 2140 requisitis.

610 2214 770 2274 Johannes
794 2214 1038 2276 archidiaconus
1062 2216 1256 2277 chasmensis
1281 2232 1311 2278 et
1335 2217 1509 2278 canonicus

658 2303 790 2364 ecclesie
816 2304 1041 2384 zagrabiensis,
1066 2305 1209 2366 notarius
1234 2306 1265 2366 in
1289 2306 1462 2387 premissis.

350 2478 486 2543 Originale
502 2479 527 2529 in
541 2479 638 2529 charta.
654 2479 679 2528 ln
695 2479 792 2531 archiv.
807 2494 865 2533 ven.
880 2479 944 2543 Cap.
957 2481 1063 2545 zagrab.
1077 2478 1135 2531 Act,
1147 2481 1211 2544 Cap.
1222 2487 1275 2534 ant.
1289 2480 1352 2531 lasc.
1367 2481 1407 2531 95.
1419 2495 1455 2530 nr.
1470 2483 1507 2532 ll.

1231 2722 1249 2751 d

349 2924 422 2973 Anno
444 2924 518 2974 1508.
537 2922 683 2986 Zagrabiae

357 3069 573 3125 Communitatis
595 3069 720 3124 civitate
742 3069 863 3137 decreta,
880 3086 955 3140 quac
973 3068 1119 3139 perlabere!
1139 3067 1181 3122 ad
1202 3075 1403 3127 mercaturam.

353 3227 441 3304 ltcm,
458 3239 523 3287 tota
548 3224 760 3286 communitas
785 3225 902 3285 civium
927 3224 1010 3285 dicte
1034 3224 1169 3284 civitatis
1191 3225 1308 3285 montis
1330 3222 1509 3302 Grecensis‚

247 3333 413 3393 videlicet:
448 3331 541 3412 judex
572 3331 757 3408 modernus,
781 3330 884 3410 jurati,
910 3330 1096 3407 consiliarii,
1118 3330 1259 3390 seniores
1290 3328 1422 3410 judices,
1445 3345 1510 3391 tam

247 3438 388 3498 seniores
411 3437 503 3517 jurati
529 3457 626 3517 quam
650 3436 796 3496 moderni
822 3451 852 3496 et
877 3435 1015 3495 universi
1041 3435 1125 3495 cives
1149 3454 1184 3494 ac
1209 3448 1274 3495 tota
1299 3434 1512 3495 communitas

247 3544 343 3605 simul
375 3564 496 3624 pauper
527 3557 556 3602 et
590 3543 679 3602 dives
711 3542 749 3603 de
780 3542 934 3618 unanimi,
960 3540 1175 3621 concordique
1202 3553 1232 3600 et
1255 3539 1323 3620 pari
1346 3540 1511 3601 voluntate

248 3648 287 3710 ad
321 3648 536 3731 infrascriptos
564 3648 714 3708 articulos
747 3648 865 3708 amodo
898 3666 998 3725 usque
1024 3647 1054 3706 in
1079 3660 1269 3728 perpetuum
1295 3646 1513 3706 observandos

249 3757 307 3816 sub
341 3775 423 3835 pena
461 3754 658 3835 infrascripta
695 3753 944 3814 irrevocabiliter
969 3765 999 3811 et
1023 3753 1253 3813 inviolabiliter
1277 3752 1512 3828 constituimus,

248 3861 541 3939 ordinavimusque.

355 3983 443 4059 Item,
460 3982 582 4062 primus
606 3981 766 4041 articulus.
785 3981 881 4053 Quod
907 3980 1102 4060 quicumque
1128 3994 1283 4041 mercator
1300 4000 1355 4040 seu
1377 3980 1512 4059 institor,

250 4089 453 4168 concisisque
478 4100 585 4147 noster
608 4088 744 4148 existens
767 4086 807 4146 ad
832 4086 1008 4167 capitulum
1032 4087 1165 4146 mercari
1186 4107 1242 4147 seu
1264 4086 1402 4148 vendere
1420 4106 1513 4166 quas-

250 4215 375 4275 cunque
407 4215 456 4253 res
486 4208 540 4254 aut
571 4193 682 4273 quevis
716 4193 922 4254 mercimonia
954 4192 1136 4252 vendicioni
1169 4211 1327 4272 exponere
1360 4193 1428 4269 iret,
1452 4192 1512 4253 nisi

249 4315 393 4382 tempore
441 4299 668 4375 nundinarum,
708 4319 765 4380 pro
804 4300 906 4381 prima
945 4297 1194 4376 transgressione
1234 4317 1331 4358 unam
1370 4299 1513 4358 markam

251 4406 466 4482 denariorum,
491 4404 630 4465 mediam
655 4418 775 4486 partem
801 4404 908 4483 judici,
933 4402 1074 4463 mediam
1099 4422 1175 4463 vero
1197 4402 1235 4463 ad
1259 4422 1352 4464 usum
1370 4422 1513 4464 commu-

251 4511 358 4571 nitatis
392 4511 571 4592 persolvat;
607 4531 664 4592 pro
699 4511 837 4571 secunda
872 4529 948 4570 vero
984 4508 1234 4588 transgressione
1267 4522 1297 4568 et
1328 4527 1386 4589 pro
1418 4509 1515 4569 tercia

253 4615 404 4692 totidem;
436 4616 524 4697 quod
557 4617 583 4677 si
615 4616 710 4698 judex
743 4636 815 4676 cum
846 4616 912 4676 suis
943 4615 1051 4696 juratis
1079 4613 1298 4695 accipiendam
1329 4613 1515 4675 huiusmodi

252 4739 368 4801 penam
391 4723 518 4804 tepidus
542 4737 632 4800 esset,
649 4736 762 4784 extunc
787 4721 873 4782 idem
898 4721 991 4802 judex
1017 4739 1133 4801 penam
1158 4719 1343 4781 huiusmodi
1361 4720 1401 4782 ad
1421 4739 1515 4781 usum

252 4828 492 4890 communitatis
515 4829 685 4910 persolvat.
