3472 5242
664 365 785 422 Stulrrlrr
811 365 1100 424 Praebendariorum.
1444 384 1507 445 297

241 589 302 650 diis
324 590 364 651 de
389 592 553 652 communi
578 590 845 654 confraternitatis
878 605 997 670 nostre,
1021 605 1178 673 quantum
1209 591 1362 673 possibile
1397 605 1444 653 est
1477 605 1508 652 et

242 694 390 777 indigens
414 695 519 769 luerit,
543 698 708 759 consolare
737 710 890 760 teneatur.

345 890 396 949 De
416 891 618 964 supportandis
638 891 762 966 infirmis
785 899 814 949 et
833 891 969 965 legittime
990 896 1141 966 occupatis.

345 1030 418 1091 Non
442 1029 603 1092 immerito
621 1031 722 1092 eciam
740 1032 842 1092 visum
861 1046 907 1092 est
924 1031 1028 1108 nobis,
1045 1032 1132 1112 quod
1149 1032 1174 1092 si
1193 1032 1353 1113 quispiam
1371 1031 1506 1094 fratrum

243 1148 424 1196 nostrorum
449 1135 530 1197 adeo
567 1150 696 1217 egrotus
732 1138 878 1209 extiterit,
915 1151 949 1198 ut
972 1156 1037 1198 non
1071 1136 1177 1198 solum
1209 1138 1330 1219 privata
1362 1139 1506 1219 negocia,

242 1260 353 1302 verum
367 1241 467 1301 eciam
492 1241 600 1302 divina
626 1242 657 1302 in
683 1242 815 1304 ecclesia
840 1243 925 1303 iuxta
950 1243 1093 1304 debitum
1119 1263 1213 1304 suum
1238 1243 1391 1323 officium,
1417 1245 1506 1308 vide-

242 1347 316 1408 licet
339 1346 433 1408 horas
456 1348 626 1410 canonicas
642 1363 673 1409 et
689 1349 750 1409 alia
775 1348 1041 1410 confraternitatis
1058 1363 1163 1411 nostre
1181 1351 1313 1411 servicia
1331 1353 1504 1413 commode

242 1454 391 1535 supplere
414 1454 533 1514 valeret
557 1454 709 1530 minime;
734 1455 784 1516 vel
801 1456 826 1516 si
851 1456 1048 1536 quicumque
1065 1476 1102 1516 ex
1118 1455 1267 1517 fratribus
1286 1457 1401 1518 nostris
1418 1457 1504 1519 iuxta

243 1559 429 1621 mandatum
455 1559 578 1621 domini
603 1560 715 1621 decani
740 1561 838 1621 nostri
864 1561 1026 1642 aliquibus
1050 1562 1178 1643 collegii
1203 1563 1302 1623 nostri
1320 1563 1460 1624 intentus
1476 1579 1507 1624 et

243 1679 416 1747 occupatus
440 1664 534 1727 fuerit
558 1667 711 1747 negociis,
736 1668 807 1729 loco
825 1668 938 1728 talium
966 1667 1151 1729 huiusmodi
1169 1667 1311 1730 officium
1330 1689 1386 1751 per
1403 1670 1503 1731 alium

246 1771 453 1853 quemppiam
479 1790 516 1831 ex
541 1772 644 1851 nobis,
669 1787 793 1834 servato
819 1774 902 1835 iusto
926 1773 1050 1851 ordine,
1081 1775 1140 1835 sub
1172 1793 1254 1855 pena
1287 1793 1345 1856 pro
1376 1775 1507 1836 arbitrio

243 1891 353 1938 nostro
377 1877 578 1956 reservanda,
603 1878 751 1960 supplere
776 1893 807 1940 et
829 1894 1016 1961 supportare
1041 1877 1146 1959 faciat,
1171 1900 1210 1940 ne
1243 1880 1372 1940 divinus
1405 1880 1506 1961 negli-

243 1997 336 2063 gatur
359 1983 472 2044 cultus.

345 2181 395 2237 De
418 2182 663 2238 vicissitudinario
690 2181 805 2240 horrore.

347 2319 478 2400 Insuper
503 2320 623 2402 placuit
645 2320 739 2382 nobis
756 2321 787 2382 in
804 2320 1064 2401 supplementum
1082 2320 1214 2381 honoris
1232 2320 1503 2399 vicissitudinarii,

244 2439 278 2485 ut
302 2424 573 2506 quandocumque
598 2426 629 2486 in
655 2427 876 2488 ecclesiasticis
899 2426 994 2487 simul
1018 2438 1049 2487 et
1073 2426 1200 2504 divinis,
1225 2426 1342 2508 pariter
1364 2441 1395 2486 et
1417 2446 1506 2488 secu·

244 2530 363 2591 laribus
387 2550 551 2591 versamur
575 2533 728 2612 negociis,
752 2551 918 2613 sempera
943 2532 1122 2592 iunioribus
1147 2530 1295 2593 fratribus
1328 2532 1508 2593 senioribus

244 2636 275 2696 in
299 2636 518 2697 antecedendo
543 2651 573 2697 et
597 2638 825 2719 postcedend0,
849 2638 990 2699 adinstar
1014 2637 1232 2717 dominorum,
1255 2638 1424 2719 prebeatur
1451 2638 1506 2699 de-

244 2741 307 2803 bita
333 2743 525 2820 reverencia,
547 2757 577 2803 et
602 2763 618 2804 e
643 2764 809 2822 convers0,
834 2764 891 2825 pro
916 2745 988 2804 loco
1013 2757 1043 2805 et
1067 2758 1212 2826 tempore
1237 2743 1363 2805 debitis.

346 2940 394 2996 Dc
416 2958 472 2995 non
496 2939 668 2996 intrudendo
691 2957 720 2996 se
743 2939 775 2996 in
798 2935 920 2995 alterius
943 2941 1189 3012 supportantium.

346 3077 497 3155 Demum,
522 3078 595 3158 quia
620 3078 695 3139 certi
721 3098 757 3139 ex
782 3078 876 3138 nobis
899 3096 964 3138 non
990 3091 1099 3138 exacto
1124 3097 1209 3139 anno
1240 3078 1399 3139 servitutis
1433 3098 1507 3159 sup·

243 3182 401 3263 portantie
427 3183 557 3244 alterius
581 3182 694 3261 fratris,
720 3184 785 3243 imo
809 3182 910 3242 eciam
934 3201 990 3264 per
1014 3197 1184 3264 patronum
1218 3184 1359 3244 insoluto
1391 3184 1506 3244 salario

244 3288 387 3349 eiusdem
422 3288 454 3348 in
488 3289 674 3351 huiusmodi
704 3289 833 3350 alterius
870 3287 973 3350 fratris
1009 3289 1244 3371 supportantias
1277 3309 1333 3371 per
1364 3290 1442 3372 phas
1477 3305 1508 3351 et

244 3392 364 3475 nephas
387 3414 454 3455 sese
478 3395 640 3457 intrudere
664 3396 779 3473 solent,
814 3408 1008 3477 quapropter
1032 3395 1111 3456 tales
1134 3414 1216 3476 pene
1249 3395 1400 3477 premisse
1432 3397 1506 3457 sub-

245 3499 345 3559 iacere
371 3499 519 3561 volumus
536 3501 604 3582 ipso
622 3499 713 3561 facto.
