3472 5242
659 352 732 417 Doc,
750 364 801 424 29.
822 385 857 393 —
878 352 933 409 An.
954 363 1043 430 1504.

779 460 783 463 .
794 459 828 464 --
841 458 1180 464 .—-——..--.---—-..
1190 458 1352 464 ...m—---
1360 457 1481 464 --v

820 578 881 644 29.

325 736 400 788 Anno
422 736 497 803 1504,
516 735 556 787 23.
575 737 642 802 julii.
660 735 807 802 Zagrabiae

226 862 332 922 Coram
354 866 468 920 notorio
486 864 599 937 publico
621 871 650 921 et
669 865 866 922 cmnmum'tate
895 863 1022 923 coriatis
1044 867 1146 921 montis
1174 865 1325 922 Grcccnsis
1348 865 1481 932 Marcus,

218 969 316 1040 frater
330 968 513 1039 Remetensr's,
525 968 664 1028 actionem
679 970 802 1027 intendit
806 969 919 1046 Jacobo
932 966 1012 1026 Heia
1026 971 1091 1040 civi,
1101 970 1179 1044 quod
1193 972 1319 1049 legatum
1331 970 1483 1042 Margitac

219 1074 254 1131 dc
282 1073 444 1149 Mz'klmc,
466 1074 676 1149 M'choclisquc
713 1074 862 1148 Oprainia‘
888 1076 968 1144 ciuis,
990 1077 1162 1132 monasterti>
1190 1077 1340 1133 remctcnsi
1368 1075 1482 1132 tradere

363 1181 477 1249 dubitet,
501 1199 590 1255 neque
612 1179 716 1254 cipro
739 1181 859 1255 officina
880 1181 1019 1239 conducta
1042 1200 1129 1238 unum
1145 1182 1218 1255 flor.
1242 1184 1343 1242 solunt.

326 1337 360 1397 ln
384 1336 516 1398 nomine
540 1336 674 1398 domini.
699 1339 814 1398 Amen.
831 1339 927 1397 Anno
949 1356 967 1397 a
987 1337 1151 1399 nativitate
1167 1337 1291 1398 domini
1308 1336 1481 1398 millesimo

220 1443 478 1524 quingentesimo
500 1457 624 1524 quarto,
645 1442 825 1504 indiccione
853 1443 997 1525 septima,
1015 1443 1066 1504 die
1091 1462 1167 1504 vero
1191 1443 1311 1521 Martis,
1331 1442 1481 1503 vicesima

219 1548 314 1609 tercia
337 1549 456 1609 mensis
480 1549 567 1627 Julii,
591 1548 669 1610 hora
694 1548 784 1629 quasi
816 1549 951 1631 septima
976 1562 1049 1609 ante
1075 1548 1253 1625 meridiem,
1279 1547 1482 1630 pontificatus

219 1654 407 1715 sanctissimi
440 1654 472 1715 in
506 1653 634 1716 Christo
666 1654 763 1736 patris
794 1666 825 1715 et
857 1653 980 1715 domini
1016 1654 1125 1732 nostri,
1150 1653 1273 1715 domini
1299 1653 1373 1714 Julii
1400 1672 1481 1735 pape

219 1759 361 1839 secundi,
389 1780 474 1822 anno
508 1760 575 1841 ejus
606 1760 721 1843 primo.
752 1760 784 1820 ln
811 1760 952 1842 pretorio
985 1780 1041 1821 seu
1073 1760 1105 1820 in
1139 1760 1237 1820 domo
1270 1759 1481 1821 consistorIali

219 1865 355 1928 civitatis
391 1867 671 1946 Montisgrecensis
706 1866 739 1927 in
775 1866 838 1926 mei
874 1866 989 1926 notarii
1022 1865 1143 1947 publici
1179 1866 1372 1946 testiumque
1408 1866 1481 1925 sub-

219 1971 409 2053 scriptorum
434 1954 597 2054 presencia
621 1972 830 2054 personaliter
850 1971 1040 2032 constitutus
1057 1971 1248 2032 venerabilis
1266 1984 1296 2032 et
1312 1971 1480 2051 religiosus

219 2077 266 2138 vir
290 2076 384 2139 frater
408 2079 534 2139 Marcus
565 2078 749 2139 monasterii
781 2079 871 2138 beate
900 2077 999 2138 Marie
1033 2077 1165 2157 virginis
1193 2078 1226 2138 in
1257 2076 1480 2158 promontorio

219 2183 417 2263 zagrabiensi
442 2183 577 2262 fundati,
602 2184 656 2265 qui
682 2183 814 2265 quidem
832 2182 927 2243 irater
944 2183 1069 2243 Marcus
1086 2182 1125 2243 ad
1144 2183 1339 2265 presenciam
1357 2181 1480 2242 domini

221 2289 358 2350 Emerici
383 2289 523 2367 litterati,
547 2304 621 2351 tunc
654 2289 768 2350 iudicis
799 2289 935 2350 civitatis
962 2288 1242 2370 Montisgrecensis
1266 2288 1427 2350 existentis
1451 2299 1482 2349 et

220 2410 397 2457 ceterorum
423 2396 592 2457 consulum
617 2396 737 2457 ibidem
762 2409 793 2456 et
815 2395 953 2456 aliorum
971 2395 1010 2455 de
1028 2396 1256 2457 communitate
1274 2393 1481 2455 existentium

220 2501 325 2582 ipsum
342 2503 497 2562 Jacobum
514 2501 708 2563 Alemanum
726 2501 765 2561 de
777 2500 864 2585 Flicz
882 2501 984 2562 civem
1002 2499 1121 2582 prefate
1139 2501 1274 2562 civitatis
1291 2498 1482 2580 judicialiter

220 2606 345 2668 attraxit
368 2607 494 2668 racione
520 2606 686 2667 cuiusdam
710 2607 891 2668 testamenti
922 2626 978 2688 per
1002 2606 1137 2668 condam
1163 2607 1327 2667 dominam
1357 2605 1481 2684 Marga-

220 2711 342 2772 retham
365 2713 508 2773 relictam
532 2711 670 2773 condam
694 2712 812 2773 nobilis
836 2711 1000 2773 Balthasar
1022 2712 1061 2772 de
1080 2711 1298 2772 Mikchoxvecz
1316 2712 1349 2772 in
1366 2711 1481 2771 ultimo

219 2816 354 2878 articulo
378 2837 434 2878 sue
458 2817 570 2878 mortis
594 2816 677 2888 lacti,
703 2817 825 2898 inquo
856 2817 987 2898 quidem
1012 2818 1127 2878 ultimo
1151 2829 1345 2893 testamento,
1366 2834 1481 2897 preno-

219 2923 339 2985 minata
362 2922 494 2984 domina
512 2923 713 3004 Margaretha
737 2923 847 2984 villam
872 2922 1034 3004 quandam
1053 2923 1214 3005 Marinczy
1239 2935 1384 2984 vocatam
1409 2940 1480 2982 cum

220 3028 370 3090 omnibus
402 3029 467 3090 suis
498 3029 702 3111 pertinenciis
737 3027 861 3110 prefato
895 3030 1090 3090 monasterio
1126 3043 1157 3089 et
1189 3029 1338 3090 fratribus
1373 3028 1405 3088 in
1442 3047 1481 3088 eo

220 3134 409 3216 degentibus
433 3154 490 3216 pro
515 3148 667 3216 perpetua
692 3134 895 3216 eleemosyna
920 3135 1048 3217 legavit.
1066 3134 1193 3195 Auditis
1209 3132 1394 3194 huiusmodi
1411 3153 1481 3215 par·

219 3239 305 3301 tibus
328 3240 395 3322 ipse
419 3240 559 3323 prelatus
591 3242 728 3303 lacobus
751 3241 798 3302 liti
824 3241 917 3301 cessit
947 3240 1088 3302 subhac
1117 3240 1318 3316 condicione,
1343 3238 1431 3320 quod
1456 3238 1480 3298 si

219 3347 351 3426 pretecti
386 3344 496 3408 iratres
531 3346 769 3408 Heremitarum
805 3347 864 3408 sibi
900 3345 940 3407 de
976 3346 1131 3428 expensis,
1164 3365 1243 3427 quas
1277 3364 1335 3427 pro
1368 3344 1480 3405 eadem

221 3451 420 3532 Margaretha
434 3452 590 3533 exposuit,
603 3451 806 3530 satisfacient,
820 3466 933 3513 extunc
951 3452 1093 3533 ipsorum
1110 3451 1158 3532 jus
1171 3451 1310 3512 habeant
1325 3452 1357 3512 in
1371 3450 1480 3511 villam

221 3557 383 3618 Marinche
417 3570 561 3619 vocatam
594 3559 669 3640 ipsis
700 3558 960 3619 testamentaliter
988 3559 1136 3638 legatam.
1162 3557 1373 3636 Eodemydie,
1398 3556 1480 3634 loc0,

220 3663 308 3740 hora,
340 3661 535 3743 pontificatu,
575 3664 692 3744 quibus
730 3682 835 3745 supra,
872 3676 1020 3724 attractus
1064 3662 1123 3723 fuit
1153 3662 1400 3743 circumspectus
1434 3662 1481 3721 vir

221 3767 357 3829 Michael
391 3768 609 3850 Opraschnich
645 3768 685 3829 ad
720 3769 918 3850 presenciam
954 3768 1066 3849 prelati
1103 3768 1215 3847 judicis
1248 3768 1481 3848 consulumque

220 3873 340 3934 ibidem
365 3874 572 3936 existencium
597 3894 653 3955 per
676 3873 834 3954 prelatum
859 3873 1028 3934 dominum
1056 3874 1209 3934 vicarium
1234 3872 1346 3955 prelati
1371 3891 1481 3933 mona-

220 3979 305 4040 sterii
330 3979 457 4040 racione
479 3999 591 4041 census
607 3980 702 4041 unius
718 3979 843 4057 floreni,
860 3999 957 4060 quern
974 3979 1111 4041 debebat
1126 3994 1267 4061 pretacto
1287 3979 1481 4040 monasterio

220 4084 354 4165 singulis
385 4085 476 4146 annis
500 4086 531 4146 in
565 4084 644 4146 festo
680 4084 915 4167 purificacionis
946 4085 1046 4146 Marie
1075 4085 1115 4146 de
1150 4085 1249 4146 domo
1280 4099 1311 4147 et
1341 4085 1482 4146 stacione

221 4190 358 4251 condam
382 4191 510 4252 sartoris
527 4191 663 4269 Nicolai,
681 4191 757 4252 civis
774 4189 894 4273 prefate
911 4191 1055 4269 civitatis,
1071 4191 1270 4273 persolvere;
1292 4191 1480 4271 quiquidem

221 4295 360 4357 florenus
384 4316 401 4356 a
425 4296 488 4376 jam
512 4296 598 4357 dicto
616 4297 751 4357 Nicolao
775 4310 894 4358 sartore
920 4297 978 4378 ipsi
1003 4297 1197 4358 monasterio
1222 4297 1482 4358 testamentaliter

222 4400 280 4462 fuit
304 4402 437 4481 legatus.
463 4401 611 4462 Tandem
636 4402 752 4463 auditis
785 4402 926 4482 utrisque
951 4403 1092 4483 partibus
1115 4402 1266 4463 dominus
1291 4401 1384 4480 judex
1409 4422 1481 4462 curn

221 4507 286 4566 suis
310 4507 498 4567 consiliariis
522 4520 652 4588 totaque
677 4508 905 4568 communitate
930 4507 1194 4588 adjudicaverunt
1217 4522 1248 4568 et
1263 4507 1482 4586 decreverunt,

223 4610 310 4692 quod
335 4611 402 4693 ipse
424 4611 670 4693 circumspectus
693 4612 740 4674 vir
759 4612 894 4674 Michael
912 4613 1131 4695 Opraschnich
1149 4612 1271 4694 prefato
1288 4613 1481 4673 monasterio

222 4717 357 4798 singulis
381 4716 472 4777 annis
488 4718 534 4778 uti
551 4733 643 4779 antea
660 4719 861 4800 persolvebat
878 4739 978 4781 unum
995 4718 1153 4780 florenum
1171 4718 1209 4778 de
1226 4719 1367 4800 predicta
1383 4717 1481 4779 domo

223 4836 254 4885 et
283 4821 424 4884 stacione
455 4823 578 4884 solvere
608 4823 723 4886 debeat
753 4839 784 4888 et
814 4839 970 4887 teneatur.
995 4824 1098 4906 Super
1128 4823 1246 4905 quibus
1277 4823 1428 4885 omnibus
1451 4838 1483 4884 et
