3472 5242
275 342 314 421 38
678 345 748 404 Doc.
767 340 824 420 38.
842 358 898 421 39.
923 379 958 388 -
987 347 1042 406 An.
1063 356 1152 420 1505.

306 449 629 457 —-—-——--—.---—-—.
648 452 658 456 -
673 451 743 456 —
768 451 1533 460 ————-.—-.——.-——----—--—-—-

882 573 944 637 38.

379 713 454 764 liano
477 713 552 778 1505,
571 713 612 763 30.
633 713 727 764 martii.
747 713 842 765 Budae.

283 840 447 897 Vlndislaus
472 840 648 912 Hungariac
670 848 718 900 etc.
736 859 799 914 rex,
820 841 893 898 ciues
915 841 1042 899 civitatis
1065 841 1172 897 natantis
1194 840 1344 898 Grecensis
1367 860 1386 896 a
1407 840 1538 897 descensu

795 945 898 1003 banalt'
919 946 1027 1005 liberat.

962 1084 1121 1136 Commissio
1141 1084 1249 1147 propria
1268 1082 1367 1135 donini
1386 1084 1466 1148 regis.

381 1208 579 1270 Wladislaus
609 1209 659 1270 dei
690 1209 796 1291 gracia
830 1229 882 1268 rex
909 1209 1083 1290 Hungarie‚
1109 1208 1264 1270 Bohemie
1289 1222 1346 1271 etc.
1372 1208 1538 1269 Fidelibus

276 1315 391 1376 nostris
423 1313 600 1397 magnificis
624 1314 752 1382 Andree
784 1313 867 1375 Both
891 1314 931 1375 de
956 1315 1065 1397 Bayna
1097 1328 1129 1376 et
1152 1315 1320 1376 Francisco
1345 1315 1473 1376 Balassa
1498 1314 1538 1375 de

279 1419 455 1503 Gyarmath
473 1439 643 1501 regnorum
670 1433 851 1481 nostrorum
868 1419 1043 1498 Dalmacie,
1061 1421 1195 1482 Croacie
1213 1434 1244 1481 et
1260 1420 1429 1481 Sclavonie
1447 1420 1538 1480 banis

276 1527 325 1587 vel
358 1545 469 1588 eorum
502 1527 674 1604 vicebanis,
703 1526 903 1608 presentibus
939 1538 970 1587 et
1002 1525 1125 1604 futuris,
1154 1525 1290 1586 salutern
1326 1540 1357 1586 et
1387 1525 1537 1607 graciam.

277 1632 362 1705 Quia
397 1651 456 1693 nos
486 1631 596 1692 fideles
631 1645 756 1693 nostros
788 1631 961 1713 prudentes
993 1645 1024 1693 et
1059 1632 1305 1712 circumspectos
1336 1630 1475 1713 judicem
1509 1643 1540 1690 et

273 1738 403 1820 juratos,
427 1751 612 1819 ceterosque
644 1738 728 1798 cives
758 1751 789 1797 et
813 1736 1050 1815 inhabitatores,
1078 1751 1243 1818 totamque
1267 1737 1534 1799 communitatem

276 1845 411 1906 civitatis
436 1856 542 1905 nostre
566 1844 684 1905 montis
710 1843 879 1904 Grecensis
903 1843 934 1903 in
960 1856 1101 1903 nostram
1125 1842 1246 1922 regiam
1271 1843 1450 1924 recepimus
1466 1861 1538 1924 pro-

277 1951 454 2012 teccionem
479 1963 509 2010 et
533 1950 666 2010 tutelam
688 1949 870 2030 specialem,
885 1948 1099 2027 volumusque
1123 1948 1253 2008 eosdem
1275 1949 1315 2008 ab
1332 1948 1538 2029 impeticione

276 2069 379 2117 vestra
404 2055 509 2115 salvos
526 2069 556 2115 et
573 2055 681 2116 illesos
705 2073 898 2136 preservare,
920 2052 1064 2114 fidelitati
1083 2053 1178 2134 igitur
1199 2066 1300 2114 vestre
1326 2052 1438 2114 harum
1459 2052 1539 2113 serie

275 2161 408 2222 firmiter
431 2161 625 2242 precipimus
648 2173 678 2221 et
703 2160 903 2237 mandamus,
928 2172 1084 2239 quatenus
1108 2158 1185 2220 dum
1211 2171 1241 2220 et
1265 2157 1537 2239 quandocumque

277 2268 368 2329 vobis
396 2267 446 2327 vel
479 2267 569 2327 alteri
603 2279 742 2327 vestrum
776 2265 808 2325 in
841 2264 895 2325 illa
927 2265 1052 2325 civitate
1083 2278 1190 2326 nostra
1222 2263 1411 2325 descensum
1435 2262 1539 2324 lacere

277 2372 478 2452 contingerit,
514 2371 622 2432 nullus
657 2370 790 2432 omnino
829 2383 969 2430 vestrum
1004 2370 1134 2431 eosdem
1167 2369 1329 2451 aliquibus
1363 2367 1486 2449 injuriis
1510 2383 1540 2429 et

278 2477 426 2558 dampnis
450 2473 574 2537 afficere
600 2489 654 2536 aut
678 2489 787 2535 contra
811 2474 972 2535 libertates
996 2492 1107 2535 eorum
1132 2474 1367 2555 quoquomodo
1386 2488 1539 2536 attentare

280 2582 407 2659 audeat,
431 2581 487 2642 sed
511 2582 544 2641 in
567 2581 705 2662 propriis
729 2580 873 2662 pecuniis
897 2593 928 2640 et
951 2580 1097 2660 expensis
1113 2579 1223 2640 vestris
1240 2579 1308 2640 istic
1326 2579 1433 2660 quoad
1450 2581 1540 2641 volu·

278 2688 365 2748 eritis
389 2686 526 2747 residere
551 2701 582 2747 et
606 2687 734 2763 morari,
759 2706 794 2746 ac
818 2687 905 2767 ipsos
931 2699 1084 2766 tanquam
1104 2685 1162 2746 sub
1187 2685 1317 2767 speciali
1333 2685 1538 2767 proteccione

277 2806 383 2853 nostra
408 2793 586 2869 existentes,
609 2792 640 2852 in
667 2792 817 2852 omnibus
841 2810 954 2852 eorum
978 2791 1178 2852 libertatibus
1202 2791 1328 2871 quietos
1341 2783 1375 2851 'et
1391 2789 1539 2872 pacificos

278 2917 465 2960 conservare
498 2896 640 2957 debeatis
672 2909 702 2957 et
732 2896 917 2957 teneamini.
953 2895 1051 2957 Aliud
1083 2916 1147 2957 non
1181 2895 1303 2958 facturi.
1337 2895 1541 2958 Presentibus

278 3003 435 3085 perlectis,
460 3000 621 3063 exhibenti
646 3002 805 3063 restitutis.
831 3001 949 3062 Datum
966 3003 1056 3063 Bude
1079 3003 1110 3062 in
1130 3002 1291 3063 dominica
1309 3002 1409 3074 Quasi
1430 3000 1539 3062 modo,

279 3113 375 3170 Anno
400 3107 523 3168 domini
549 3107 722 3168 millesimo
747 3107 1006 3189 quingentesimo
1031 3107 1155 3188 quinto.

387 3247 523 3312 originale
548 3247 573 3296 in
596 3246 694 3300 charta.
715 3246 742 3296 ln
762 3246 879 3311 margine
898 3244 1018 3296 interiori
1035 3246 1191 3310 impressum
1203 3252 1244 3296 est
1258 3246 1382 3311 sigillum.
1398 3242 1430 3295 In
1441 3243 1539 3295 archiv.

279 3335 362 3387 inclit.
382 3337 479 3387 Accad.
499 3333 597 3386 Sciens.
619 3332 722 3386 Slavor.
741 3334 832 3385 merid.

879 3616 941 3682 39.

384 3774 458 3824 Anno
479 3773 555 3837 1505,
576 3774 617 3824 30.
638 3772 733 3825 martii.
752 3772 851 3823 Budas.

289 3917 454 3973 Vladr'slaus
477 3911 657 3989 Hnngariae
679 3924 726 3972 etc.
747 3935 811 3985 rex,
834 3917 1031 3974 communitati
1050 3916 1175 3972 civitan's
1197 3916 1305 3972 enotatis
1327 3915 1481 3973 Grccensis
1504 3915 1546 3971 ad

280 4023 520 4078 restaurationem
542 4023 708 4079 munitionis
730 4020 858 4079 cim'tatis
880 4040 917 4078 cx
937 4022 1019 4094 regia
1042 4022 1185 4078 tricesima
1209 4033 1270 4077 100
1286 4020 1359 4093 flor.
1378 4021 1450 4075 auri
1471 4038 1542 4092 quo-

693 4127 796 4186 tannis
818 4126 965 4183 salvendos
987 4127 1127 4198 assignat.

966 4261 1125 4314 commissio
1145 4263 1254 4326 propria
1273 4264 1371 4314 domini
1391 4264 1472 4328 regis.
1561 4279 1563 4283 ·

386 4388 583 4449 Wladislaus
614 4387 666 4448 dei
698 4388 804 4467 gracia
827 4407 881 4449 rex
906 4387 1082 4466 Hungarie,
1107 4386 1262 4447 Bohemie
1291 4399 1349 4447 etc.
1375 4386 1543 4448 Fidelibus

281 4493 396 4553 nostris
428 4493 605 4574 magnificis
638 4492 801 4574 Stephano
826 4493 864 4553 de
888 4492 1047 4574 Thelegd,
1079 4491 1247 4569 moderno,
1271 4490 1448 4571 futurisque
1475 4491 1544 4554 the·

283 4597 431 4658 saurariis
474 4599 599 4677 nostris,
643 4599 720 4659 item
756 4598 892 4679 egregiis
923 4595 1213 4657 trecesimatoribus
1247 4615 1302 4656 seu
1338 4596 1545 4677 vectigalium

282 4720 369 4762 sacre
392 4720 509 4763 corone
541 4704 751 4783 exactoribus,
776 4703 930 4783 Zagrabie
955 4701 1133 4762 constitutis
1157 4713 1188 4760 et
1211 4699 1450 4779 constituendis,
1475 4721 1546 4783 pre·

281 4805 425 4867 sericium
448 4809 599 4871 noticiam
620 4808 786 4887 habituris,
803 4808 939 4869 salutem
963 4820 994 4867 et
1013 4805 1164 4887 graciam.
1182 4804 1267 4878 Quia
1287 4823 1355 4883 nos,
1372 4817 1441 4865 tum
1457 4825 1543 4868 com·
