3472 5242
263 355 299 415 16
687 354 758 413 Doc.
783 366 831 428 14.
854 385 897 394 —
920 351 975 410 An.
999 361 1088 424 1502.

270 460 342 467 ..--.
356 458 596 465 -—-·-———-—-.
620 455 1524 465 —.-‘--—-0-————-———-————-

259 580 460 659 utilitatibus,
485 579 760 641 fructuositatibus
784 592 815 639 et
838 576 1043 660 pertinenciis
1067 575 1225 636 universis
1248 575 1479 656 circumspecto
1497 586 1528 635 et

258 686 395 768 provido
420 686 490 746 viro
508 685 638 747 Matheo
662 683 801 746 carnifici
825 684 864 744 de
882 683 1039 760 Dumbro,
1056 681 1159 743 Zeuer
1182 680 1279 759 dicto,
1296 680 1343 742 uti
1360 680 1424 741 iarn
1440 699 1526 742 novo

259 791 383 852 concivi
412 804 522 852 nostro
557 810 592 851 ac
624 809 680 871 per
711 809 786 852 eum
817 790 882 849 suis
914 787 1085 849 heredibus
1107 806 1166 868 pro
1198 786 1341 867 quinque
1365 800 1396 847 et
1419 785 1528 847 medio

260 896 389 957 florenis
405 896 473 957 auri
487 895 557 977 puri
575 908 606 955 et
619 895 691 956 iusti
705 894 858 976 ponderis
873 913 930 975 per
946 893 1086 955 eundem
1100 892 1265 954 Matheum
1282 892 1386 953 eidem
1400 890 1527 953 mulieri

262 1002 374 1079 Elene,
399 1001 480 1061 sicut
502 1000 637 1082 ipsamet
660 1000 754 1061 nobis
777 998 895 1078 retulit,
921 999 985 1059 iarn
1008 997 1162 1080 persoluti
1187 997 1392 1076 vendidisset,
1415 1016 1527 1080 ymmo

262 1106 408 1168 vendidit
441 1126 549 1168 coram
582 1105 676 1167 nobis
710 1104 778 1186 jure
810 1118 966 1187 perpetuo
999 1117 1030 1166 et
1057 1104 1309 1165 irrevocabiliter
1342 1104 1526 1182 tenendam,

260 1211 489 1293 possidendam
514 1211 631 1293 pariter
655 1224 685 1271 et
707 1210 901 1271 habendam.
926 1210 1066 1271 Demurn
1090 1228 1166 1270 vero
1190 1209 1325 1291 provida
1347 1222 1379 1271 et
1393 1208 1527 1270 honesta

262 1317 393 1378 domina
424 1321 529 1395 Anna,
555 1316 664 1378 relicta
696 1316 834 1378 condam
857 1316 948 1377 Pauli
980 1315 1120 1393 litterati,
1144 1314 1222 1376 alias
1258 1315 1397 1376 senioris
1414 1314 1529 1396 judicis

263 1436 293 1483 et
320 1423 461 1484 concivis
493 1423 604 1501 nostri,
629 1435 734 1484 astans
755 1421 965 1504 personaliter
996 1440 1104 1482 coram
1127 1421 1221 1481 nobis
1245 1420 1392 1482 similiter
1413 1433 1525 1502 sponte

264 1527 408 1591 confessa
433 1542 496 1590 est:
523 1529 659 1610 qualiter
680 1529 747 1611 ipsa
765 1528 939 1610 quemdam
956 1540 1062 1588 ortum
1079 1546 1173 1588 suum
1190 1526 1222 1587 in
1239 1526 1398 1588 territorio
1414 1539 1527 1602 nostro

262 1654 318 1696 seu
342 1635 478 1697 civitatis
502 1635 643 1716 predicte
668 1635 750 1696 inter
773 1647 860 1696 ortos
882 1633 1038 1695 heredum
1062 1652 1118 1693 seu
1146 1651 1364 1693 successorum
1388 1631 1527 1694 condam

263 1739 418 1801 lobannis
443 1739 666 1822 Soldinarych,
683 1740 762 1801 olim
787 1740 921 1801 senioris
945 1738 1059 1819 judicis
1084 1751 1114 1800 et
1136 1738 1275 1798 concivis
1292 1738 1391 1798 nostri
1408 1738 1448 1798 ab
1465 1756 1528 1798 una

263 1845 412 1907 videlicet
436 1846 700 1929 septemtrionali,
724 1847 764 1907 ab
788 1846 887 1906 altera
910 1864 986 1906 vero
1013 1844 1157 1926 partibus
1180 1843 1300 1904 scilicet
1324 1841 1528 1904 meridionali

263 1951 410 2012 similiter
445 1951 599 2012 heredum
635 1971 691 2011 seu
725 1970 945 2013 successorum
980 1950 1118 2012 condam
1155 1948 1287 2030 Georgii
1323 1948 1526 2032 Vythkoych,

263 2056 409 2117 similiter
425 2056 504 2117 olim
521 2057 655 2118 senioris
672 2055 786 2136 judicis
812 2070 842 2117 et
858 2056 999 2118 concivis
1015 2055 1126 2134 nostri,
1144 2075 1161 2115 a
1178 2068 1265 2136 parte
1287 2074 1364 2116 vero
1381 2053 1529 2117 orientali

264 2181 365 2242 usque
389 2161 524 2223 fluvium
550 2162 811 2245 Medvvednycza,
835 2163 938 2244 ipsam
970 2162 1091 2223 scilicet
1115 2161 1281 2222 dominam
1309 2165 1436 2222 Annam
1460 2179 1529 2221 mu·

263 2266 375 2328 lierem
399 2287 416 2327 a
441 2266 564 2349 prelato
588 2268 725 2329 condam
749 2264 851 2329 Paulo
875 2267 1024 2345 litteram,
1047 2267 1161 2328 marito
1185 2286 1243 2327 suo
1268 2267 1437 2347 legittimo,
1457 2279 1530 2347 post

265 2373 391 2433 obitum
415 2373 559 2434 eiusdem
585 2375 670 2435 iuxta
695 2374 860 2456 antiquam
885 2388 916 2434 et
939 2375 1148 2455 approbatam
1173 2371 1437 2433 consvetudinem
1460 2371 1529 2451 jure

265 2479 462 2539 successorio
495 2492 752 2558 concernentem,
777 2479 873 2540 simul
906 2498 979 2541 cum
1012 2479 1164 2539 omnibus
1193 2477 1337 2538 eiusdem
1359 2477 1420 2538 orti
1445 2476 1529 2538 utili-

265 2584 393 2662 tatibus,
417 2585 537 2662 usibus,
562 2584 685 2664 juribus
709 2599 740 2646 et
763 2585 967 2667 pertinenciis
991 2584 1148 2645 universis
1171 2582 1293 2665 prefato
1316 2582 1446 2644 Matheo
1464 2602 1530 2644 car-

266 2689 351 2751 nifici
386 2710 421 2750 ac
453 2710 509 2771 per
540 2710 613 2752 eum
646 2691 710 2752 suis
743 2691 914 2752 heredibus
939 2709 996 2772 pro
1029 2708 1094 2751 uno
1124 2703 1155 2750 et
1179 2689 1288 2750 medio
1312 2688 1436 2749 floreno
1460 2688 1528 2750 auri

267 2794 337 2875 puri
363 2808 393 2857 et
418 2796 491 2856 iusti
516 2796 669 2878 ponderis
691 2816 748 2878 per
781 2796 920 2857 eundem
945 2794 1111 2857 Matheurn
1135 2794 1241 2856 eidem
1269 2794 1400 2855 domine
1424 2798 1529 2874 Anne,

270 2900 352 2960 sicut
375 2900 510 2982 ipsamet
533 2903 626 2963 nobis
654 2903 771 2981 retulit,
797 2903 860 2963 iarn
883 2901 1064 2984 persolutis,
1089 2901 1294 2979 vendidisset,
1318 2920 1429 2983 ymmo
1454 2921 1529 2962 ven·

269 3005 350 3066 didit
374 3025 482 3067 coram
509 3008 602 3068 nobis
627 3007 693 3088 jure
718 3020 874 3089 perpetuo
898 3021 929 3068 et
953 3007 1201 3069 irrevocabiliter
1224 3007 1410 3086 tenendum,
1431 3007 1530 3088 possi·

268 3111 411 3173 dendum
434 3113 552 3194 pariter
576 3128 607 3175 et
630 3113 817 3188 habendum
838 3134 874 3175 ac
898 3115 983 3174 iuxta
1008 3113 1232 3175 condicionem
1257 3112 1392 3175 civitatis
1414 3134 1530 3196 preno-

268 3217 386 3278 minate
400 3219 440 3278 ab
453 3218 586 3298 antiquo
598 3221 806 3300 approbatam
816 3219 1122 3299 quomodocumque
1135 3220 1273 3281 voluerit
1282 3219 1530 3301 disponendum.

270 3323 302 3382 ln
327 3322 418 3384 cuius
442 3323 486 3383 rei
503 3325 693 3385 memoriam
720 3337 815 3403 atque
831 3324 1063 3402 testimonium,
1076 3324 1323 3405 firmitatemque
1343 3339 1530 3407 perpetuam

269 3440 429 3507 presentes
462 3428 580 3489 litteras
620 3442 741 3491 nostras
776 3431 834 3489 sub
873 3430 979 3510 sigillo
1015 3444 1124 3491 nostro
1163 3431 1326 3491 communi
1365 3432 1531 3493 roboratas

270 3531 418 3592 duximus
442 3533 673 3595 concedendas.
698 3535 816 3595 Datum
841 3533 917 3595 feria
941 3535 1080 3595 secunda
1104 3536 1248 3616 proxima
1276 3536 1308 3597 in
1334 3535 1414 3599 festo
1431 3537 1529 3598 sancti

271 3636 360 3697 l‘auli
374 3638 468 3717 primi
481 3638 655 3700 Heremite.
668 3643 764 3700 Anno
781 3640 904 3700 domini
919 3640 1090 3701 millesimo
1104 3641 1361 3722 quingentesimo
1378 3642 1530 3704 secund0.

376 3775 511 3840 Originale
530 3776 555 3828 iu
575 3779 733 3829 membrana.
748 3778 872 3842 Impressi
893 3777 975 3842 sigilli
994 3781 1091 3830 nulluru
1119 3783 1194 3832 adest
1214 3780 1363 3845 vestigium.
1387 3783 1413 3833 ln
1433 3781 1531 3834 archiv.

270 3861 816 3918 mmhmd&mtfflmrmffl.

873 4097 931 4160 14.

376 4237 452 4284 Anno
472 4234 547 4298 1502,
567 4235 608 4287 23.
629 4233 760 4286 februarii.
782 4235 878 4288 Budas.

375 4375 559 4435 Vladislaus
592 4395 644 4436 rex
677 4376 708 4435 in
744 4379 867 4458 urgenti
900 4378 1028 4459 publica
1064 4381 1152 4460 regni
1189 4384 1374 4445 necessitate
1402 4405 1419 4445 a
1446 4387 1529 4447 luca

273 4479 423 4560 episcopo
456 4481 652 4561 zagrahiensi
685 4496 715 4542 et
740 4484 879 4564 capitulo
911 4484 950 4545 de
987 4484 1049 4545 illis
1080 4487 1234 4566 pecuniis,
1259 4509 1339 4568 quas
1370 4477 1531 4553 Osvaldus

274 4583 436 4660 quondam
462 4586 630 4666 episcopus
654 4589 867 4667 zagrabiensis
890 4609 948 4671 pro
973 4591 1141 4651 ordinariis
1160 4592 1264 4653 missis
1287 4597 1448 4676 perpetuis
1472 4617 1530 4679 pro

273 4688 378 4748 anima
412 4709 467 4750 sua
499 4690 531 4750 in
559 4692 691 4753 ecclesia
727 4696 923 4775 zagrabiensi
961 4710 1155 4777 reposuerat,
1189 4718 1273 4760 2000
1306 4700 1373 4761 flor.
1416 4717 1530 4764 mutuo

274 4794 404 4873 accepit,
428 4796 575 4877 obligans
598 4818 630 4858 se
647 4802 745 4861 verbo
765 4801 866 4882 regio,
883 4801 971 4882 quod
985 4801 1024 4862 de
1041 4803 1185 4883 pecuniis
1202 4824 1219 4864 a
1236 4805 1389 4868 Dominio
1407 4808 1530 4871 Veneto
