3472 5242
243 358 340 420 CVlll
775 359 965 429 Argumenta.

585 465 642 470 ..-.-
651 466 670 470 -
697 465 703 469 -
711 463 802 470 ———

242 655 274 708 45
314 645 390 691 rinno
413 654 488 709 1505,
509 655 550 694 20.
580 642 700 693 octobris.
720 640 868 705 Zagrabiae.
894 640 987 688 Coram
1011 637 1162 700 magistratu
1175 635 1287 684 civitatis
1304 633 1399 682 montis
1478 705 1480 708 Ι

308 733 447 781 Grecensis
473 734 589 797 Joannes
618 730 699 780 Siuelr
726 737 752 779 et
780 728 883 778 Helena
910 713 1024 792 ffilrriijalr
1046 732 1106 791 post
1133 730 1241 774 mortem
1259 721 1398 772 Michaelis

309 819 395 870 Maleo
422 820 487 870 duas
517 819 658 886 particulas
685 817 799 869 vineales
826 823 937 880 quatuor
963 821 989 865 et
1013 814 1122 865 dimidio
1141 813 1195 864 tior.
1214 814 1292 862 Petro
1319 811 1398 861 nitri

309 909 422 958 vendunt
455 926 1391 949 ·····················································

238 1017 279 1077 46.
309 1016 390 1064 Anno
413 1027 487 1081 1505.
505 1028 544 1067 12.
559 1015 712 1065 novembris.
723 1013 820 1064 Budue.
834 1011 992 1073 vladislaus,
1005 1009 1156 1074 Hungariae
1167 1014 1216 1061 etc.
1234 1023 1286 1066 101,
1306 1006 1395 1055 Ferdi-

308 1105 393 1153 nando
403 1104 435 1152 de
446 1103 659 1169 Fraugepanibns
678 1103 765 1152 comiti
776 1109 801 1150 et
811 1100 932 1158 Beatrici,
952 1115 1018 1163 qnae
1027 1105 1109 1148 morte
1125 1097 1234 1162 Joannis
1244 1095 1349 1145 Corvini
1357 1101 1395 1143 est

308 1192 421 1250 viduata,
440 1194 552 1254 mandat,
572 1199 600 1241 nt
619 1199 707 1257 erepta
725 1206 773 1256 pro
800 1190 915 1255 portorio
934 1187 1018 1254 spolia
1045 1185 1230 1236 mercatoribus
1248 1183 1395 1247 zagrabien·

309 1281 381 1330 sibus
401 1281 518 1338 reddant,
538 1296 602 1329 neve
620 1296 635 1328 a
652 1280 753 1329 civibus
773 1278 897 1327 tributum
911 1293 958 1342 pro
977 1292 1060 1327 merce
1079 1276 1182 1339 exigant
1207 1298 1391 1312 ···········

239 1381 279 1430 47.
310 1370 391 1420 Anno
414 1382 488 1436 1505,
509 1381 550 1423 22.
570 1369 725 1419 novembris.
747 1353 862 1418 Cumae.
882 1369 966 1416 Lucas
984 1367 1063 1431 episc.
1083 1364 1183 1428 zagrab.
1203 1363 1346 1413 Antonium
1363 1362 1396 1411 de

311 1458 477 1523 Medjuredje,
491 1460 642 1508 canonicum
654 1458 755 1522 zagrab.
775 1457 808 1505 ad
820 1463 960 1522 proventus
972 1453 1132 1504 canonicales
1144 1453 1177 1502 de
1194 1454 1296 1517 integro
1315 1452 1396 1517 perci·

311 1547 419 1610 piendos
438 1548 536 1596 reducit
564 1571 890 1586 ···················
903 1584 908 1594 .
921 1564 1390 1582 ···························

238 1652 281 1712 48.
312 1653 392 1702 Anno
415 1666 479 1720 1505
508 1656 540 1702 In
560 1653 736 1703 Kristalovec.
766 1653 913 1718 Stephanus
933 1651 1057 1701 Brodarid
1075 1667 1090 1700 a
1109 1651 1180 1699 Luca
1198 1649 1277 1714 episc.
1296 1646 1397 1711 zagrab.

308 1757 419 1805 pressus,
438 1741 562 1792 auxilium
580 1742 613 1791 ab
641 1742 754 1791 Alberto
782 1742 815 1790 de
834 1743 919 1798 Kasn,
947 1740 1095 1806 praeposito
1122 1739 1218 1788 maiore
1236 1735 1395 1801 zagrabiensi

215 1863 228 1888 .
307 1837 395 1879 exorat
420 1850 1338 1870 ····················································

238 1929 279 1977 49.
308 1918 384 1966 Auno
406 1919 480 1984 1506,
504 1931 523 1968 1.
545 1920 637 1970 martii.
658 1904 774 1968 Casmae.
794 1919 886 1975 Lucas,
916 1918 986 1982 episc
1019 1916 1112 1981 aagrab
1140 1914 1301 1980 Stephanum
1319 1928 1395 1962 cano·

308 2006 392 2055 uicum
412 2006 534 2056 lectorem
553 2015 719 2057 executorem
738 2007 885 2056 testamenti
914 2005 1030 2056 canonici
1057 2004 1131 2053 Pauli
1151 2002 1297 2066 sisciensis,
1315 2002 1395 2051 lecto·

307 2102 363 2142 ratu
382 2103 407 2144 et
426 2098 579 2145 canonicatu
598 2097 689 2162 privat,
709 2097 770 2159 quia
789 2096 875 2159 legata
893 2095 943 2144 sibi
966 2095 1075 2159 sumpsit
1100 2116 1390 2132 ·················

238 2194 280 2246 5ο.
309 2184 385 2232 rinno
407 2185 481 2249 1506,
504 2197 545 2236 22.
565 2185 640 2234 marti
667 2187 699 2233 In
719 2184 861 2234 Rakouolr.
874 2183 979 2232 Beatrix
992 2183 1024 2232 de
1044 2181 1265 2246 Frangepanihus,
1284 2180 1394 2236 ducissa,

308 2273 429 2321 iratribus
453 2273 658 2322 Remetensibns
687 2273 813 2330 concedit,
840 2281 868 2321 ut
892 2287 981 2322 eorum
999 2286 1067 2332 oses,
1095 2269 1198 2334 aliaque
1228 2267 1349 2317 animalia
1367 2268 1393 2316 in

307 2362 375 2425 agris
395 2363 471 2411 castri
492 2363 604 2411 Medved
623 2369 760 2428 pascantur
778 2381 1389 2401 ··································

239 2479 280 2532 51.
310 2470 385 2517 Anno
407 2469 482 2534 1506,
503 2481 543 2522 21.
559 2470 721 2534 septembris.
735 2468 832 2518 Budae.
846 2467 1005 2526 vladislaus,
1019 2467 1169 2531 Hungariae
1187 2472 1235 2516 etc.
1254 2481 1307 2523 rex,
1326 2479 1393 2513 com·

308 2557 459 2606 munitatem
474 2558 585 2607 civitatis
598 2557 764 2623 reprehendit
777 2558 856 2614 ineo,
873 2557 942 2620 quod
955 2555 1110 2606 monasterio
1123 2553 1277 2604 Remetensi
1290 2554 1396 2618 ejusque

306 2645 489 2708 jobagionibus
508 2648 650 2703 interdixit,
671 2664 703 2696 ne
721 2647 870 2697 hominibus
890 2653 941 2695 tam
967 2647 994 2696 in
1019 2645 1153 2695 Carinthia
1177 2641 1394 2693 commorantibus

308 2751 384 2797 quam
402 2735 461 2785 aliis
480 2737 566 2785 vinnm
585 2736 725 2785 venderent
755 2762 921 2775 ··········
1005 2761 1119 2774 ·······
1132 2773 1137 2783 .
1150 2755 1387 2772 ··············

238 2834 278 2887 52.
307 2826 382 2873 Anno
404 2825 478 2891 1506,
501 2835 539 2886 19.
559 2824 713 2876 novembris.
733 2826 829 2875 Bndae.
849 2824 1008 2882 vladislaus,
1022 2823 1173 2888 Hungariae
1185 2830 1233 2873 etc.
1253 2838 1305 2878 rex,
1325 2834 1393 2869 com·

308 2914 428 2963 mnnitati
447 2913 559 2963 civitatis
586 2914 699 2973 mandat,
724 2921 753 2963 ut
778 2915 977 2963 tricesimatores
999 2914 1085 2977 regios
1104 2919 1194 2962 contra
1219 2912 1394 2961 insectatores.

308 3003 445 3067 praecipue
463 3010 552 3052 contra
571 3004 687 3052 Marcum
707 3002 802 3051 bauum
827 3003 948 3051 defendat
972 3024 1389 3040 ························

237 3102 277 3154 53.
307 3091 383 3140 Anno
405 3092 480 3156 1506,
501 3103 541 3156 27·
570 3090 725 3142 novembris.
754 3091 902 3154 Zagrabiae.
930 3091 1052 3149 Andreas,
1081 3107 1101 3141 s.
1129 3088 1276 3152 theologiae
1295 3088 1393 3146 doctor,

307 3179 468 3243 vicariusque
487 3180 612 3229 ecclesiae
631 3180 812 3244 zagrabiensis,
825 3181 951 3245 praecipit
969 3179 1089 3230 omnibns
1108 3179 1228 3244 parochis
1245 3177 1392 3241 zagrabieu·

309 3268 388 3327 sibus,
408 3276 435 3318 ut
455 3270 524 3319 cives
548 3269 672 3332 quosdam
698 3269 725 3318 in
747 3269 894 3334 Opatovina
918 3270 951 3317 ad
976 3269 1062 3333 legata
1087 3267 1280 3333 praebendariis
1298 3283 1393 3332 expen-

308 3357 392 3405 denda
409 3359 563 3408 admoueant
581 3381 1389 3397 ··············································

237 3475 279 3528 54.
309 3465 385 3513 rinno
407 3475 481 3530 1507,
501 3478 527 3528 7.
543 3466 617 3530 junii.
638 3467 735 3517 Budae.
760 3465 920 3528 vladislaus,
945 3467 1096 3530 Hungariae
1120 3472 1169 3514 etc.
1188 3481 1241 3528 rex,
1267 3465 1394 3529 praecipit

306 3551 388 3610 bonis,
407 3560 435 3602 ut
454 3554 563 3611 nobiles,
583 3556 605 3604 si
624 3572 639 3603 a
651 3556 752 3605 civibus
764 3555 974 3619 zagrabiensibus
993 3557 1135 3619 portorium
1148 3554 1188 3603 vel
1208 3553 1332 3603 telonium
1351 3568 1391 3604 re-

306 3641 473 3706 dempseriut,
492 3643 519 3691 iu
536 3644 578 3707 jus
596 3650 688 3692 vocent
708 3645 805 3693 octavis
825 3645 914 3707 primis
933 3645 961 3693 11
979 3659 1058 3707 regno
1076 3643 1213 3693 Slavouiae
1232 3642 1393 3692 celebrandis

237 3740 278 3793 55.
307 3730 387 3779 Anno
410 3743 483 3795 1507,
499 3743 522 3794 7.
542 3732 695 3796 septembris
723 3732 869 3795 Zagrabiae.
890 3733 983 3781 Coram
997 3731 1111 3796 capitulo
1130 3731 1231 3795 zagrab.
1251 3732 1392 3795 Gregorius

304 3819 383 3882 judex
403 3821 514 3869 civitatis
534 3821 628 3870 montis
647 3821 784 3870 Grecensis
803 3822 836 3870 de
855 3822 1062 3884 possessionibus
1080 3821 1218 3870 Petroviua
1236 3829 1262 3871 et
1279 3805 1391 3885 hiliako·

306 3909 374 3964 vina,
389 3909 510 3973 Sophiae,
524 3911 647 3959 Andreae
660 3911 766 3974 Hening
776 3911 877 3973 viduae,
890 3910 1001 3967 donatis,
1014 3911 1223 3960 intercessionem
1233 3911 1294 3960 iacit
1304 3917 1393 3960 contra

306 3996 468 4046 Vladislaum
487 4015 573 4062 regem
598 4024 1388 4040 ·············································

236 4085 277 4148 56.
306 4084 387 4133 Anno
409 4097 483 4150 1507,
507 4087 545 4138 16.
558 4088 678 4138 octobris.
699 4088 847 4150 Zagrabiae.
860 4087 953 4137 Coram
966 4088 1149 4137 communitate
1167 4089 1279 4138 civitatis
1298 4089 1391 4152 Agnes

306 4172 462 4223 Kelemiuec
480 4175 566 4233 vidus,
586 4176 693 4239 ejusque
712 4174 788 4233 filiae,
808 4178 928 4225 Emerico
952 4177 1002 4225 civi
1030 4192 1105 4240 agros
1129 4193 1189 4226 suos
1211 4189 1242 4227 10
1261 4177 1315 4229 ssor.
1334 4179 1390 4228 auri

304 4263 418 4312 vendunt
436 4290 1208 4306 ···········································
1222 4299 1225 4303 -
1238 4292 1387 4307 ·········

238 4383 279 4435 57.
309 4372 384 4419 Anno
407 4374 481 4437 1508,
504 4383 543 4423 12.
561 4373 678 4435 januarii.
705 4371 800 4425 Eudae.
825 4372 984 4431 vladislaus,
1008 4375 1158 4438 Hungariae
1182 4381 1230 4423 etc.
1250 4389 1301 4432 rex,
1317 4375 1391 4440 J'ubet

305 4459 405 4508 civibus
424 4460 525 4524 zagrab.
545 4467 573 4509 ut
586 4461 651 4510 duos
669 4462 750 4511 banos
763 4477 845 4527 nuper
857 4463 1003 4512 nominatos
1016 4462 1129 4528 benigno
1148 4464 1234 4513 animo
1252 4464 1390 4529 excipiant,

305 4549 389 4612 iisqne
407 4548 582 4612 obsequantur
615 4576 1386 4592 ············································
1465 4554 1499 4603 60

236 4639 277 4702 58.
305 4638 387 4688 Α110
409 4639 483 4703 1508,
507 4650 545 4698 19.
569 4638 689 4701 januarii.
714 4639 861 4702 Zagrabiae.
890 4641 983 4690 Coram
1008 4642 1191 4691 communitate
1215 4641 1327 4691 civitatis
1346 4643 1389 4706 Jo-

304 4725 403 4775 hannea
421 4727 493 4791 civis,
512 4727 557 4789 qni
570 4733 630 4775 aute
640 4727 720 4791 judex
736 4729 793 4785 1111,
806 4729 908 4778 nuntiat
918 4729 1060 4793 Georgium
1073 4730 1154 4779 civem
1173 4730 1290 4780 Fabiano
1311 4729 1389 4780 Milin

305 4813 355 4869 civi
373 4813 464 4863 silvam
483 4830 555 4864 suam
575 4827 590 4891 5
611 4813 664 4867 tior.
692 4815 839 4876 vendidisse
863 4843 1385 4861 ······························
1462 4819 1497 4874 60
