3472 5242
264 333 327 378 210
681 313 916 392 Doc.169.-
941 318 997 376 An.
1021 330 1108 393 1521.

263 542 445 619 wladislai,
469 541 521 604 dei
545 542 651 623 gracia
675 542 753 604 alias
777 543 861 624 regis
886 543 1052 626 Hungarie
1077 558 1108 607 et
1132 545 1287 607 Bohemie
1323 559 1384 608 etc.
1412 546 1445 607 in
1473 547 1528 608 ab·

263 649 369 710 sencia
394 648 538 710 eiusdem
561 647 699 710 condam
724 649 898 711 Maiestatis
921 652 1008 732 regie
1037 650 1293 729 locumtenentis,
1318 652 1529 733 prudentibus

264 769 295 817 et
319 755 555 837 circumspectis
579 755 665 833 viris,
682 755 842 836 magistris
859 756 1106 839 calcariparibus
1130 771 1161 819 et
1185 758 1388 837 seratoribus,
1406 759 1529 819 civibus

265 876 295 923 et
319 861 588 924 inhabitatoribus
612 861 773 924 inferioris
795 863 942 925 similiter
965 865 1052 945 regie
1077 864 1213 925 civitatis
1237 864 1417 943 Crisiensis,
1433 884 1529 946 super

265 970 494 1031 observacione
519 969 686 1030 cuiusdam
711 988 793 1030 nove
819 970 913 1031 czehe
937 990 993 1031 seu
1017 969 1296 1048 confraternitatis,
1329 971 1529 1032 continentes

264 1076 297 1137 in
321 1095 354 1136 se
379 1089 482 1137 certos
505 1089 536 1137 et
560 1076 651 1157 quasi
676 1075 789 1156 viginti
814 1089 877 1137 tres
901 1077 1053 1139 articulos
1087 1077 1242 1138 libertatis
1274 1077 1452 1138 eorundem
1487 1077 1528 1138 ad

264 1181 421 1244 honorem
445 1195 476 1242 et
500 1180 540 1242 ad
564 1181 694 1242 laudern
718 1181 769 1242 dei
795 1183 1027 1264 omnipotentis
1056 1197 1087 1244 et
1118 1183 1300 1245 beatissime
1335 1183 1434 1244 Marie
1466 1183 1528 1244 vir·

263 1289 357 1369 ginis,
381 1288 543 1369 genitricis
567 1287 722 1366 eiusdem,
747 1287 920 1368 coniectos,
941 1309 998 1370 per
1015 1290 1118 1371 ipsum
1136 1288 1342 1370 spectabilem
1359 1301 1390 1348 et
1406 1289 1529 1369 magni·

265 1393 361 1455 ficum
386 1394 523 1455 condam
561 1394 729 1455 dominum
764 1395 949 1456 Emericum
982 1395 1021 1456 de
1056 1395 1157 1456 Peren
1193 1395 1369 1476 palatinum
1403 1407 1461 1455 etc.
1498 1394 1530 1454 in

262 1520 399 1582 persona
423 1500 505 1561 dicte
529 1500 666 1562 condam
692 1499 865 1561 Maiestatis
888 1501 974 1581 regie
1010 1501 1239 1582 presidentem,
1273 1513 1381 1581 gratos
1415 1514 1446 1561 et
1478 1520 1528 1561 ac·

264 1619 372 1688 ceptos
396 1604 637 1687 privilegialiter
661 1605 693 1666 in
716 1625 913 1687 pargameno
937 1607 1048 1685 editas,
1073 1607 1246 1687 sigilloque
1269 1626 1338 1682 suo,
1364 1625 1429 1686 quo
1452 1619 1528 1667 tunc

263 1715 412 1776 utebatur
435 1713 548 1774 maiori
585 1713 617 1773 in
651 1711 804 1794 pendenti
828 1714 1003 1791 roboratas,
1027 1732 1083 1794 per
1107 1712 1240 1774 eosdem
1261 1731 1337 1773 vero
1362 1712 1529 1793 magistros

263 1820 471 1902 calcaripares
494 1833 525 1881 et
547 1833 703 1880 seratores
726 1819 812 1880 cives
836 1832 866 1880 et
891 1819 1120 1880 inhabitatores
1144 1820 1227 1881 dicte
1263 1817 1424 1880 inferioris
1451 1819 1527 1880 civi·

262 1927 335 1988 tatis
359 1925 531 1987 Crisiensis
555 1925 594 1986 ad
619 1924 827 1986 literatoriam
852 1924 1046 2006 peticionem
1072 1938 1214 1986 nostram
1238 1945 1274 1986 ac
1310 1924 1349 1986 de
1373 1924 1527 2005 benepla-

263 2033 324 2094 cita
348 2033 512 2093 voluntate
537 2044 568 2091 et
591 2031 772 2093 annuencia
796 2043 904 2092 nostra
928 2030 1021 2092 dictis
1045 2031 1205 2112 magistris
1229 2030 1475 2111 calcariparibus
1498 2043 1528 2091 et

261 2139 466 2216 seratoribus,
495 2157 622 2198 necnon
647 2136 744 2198 labris
767 2151 798 2198 et
820 2137 1063 2218 gladiatoribus,
1089 2138 1275 2198 concivibus
1292 2137 1417 2215 nostris,
1441 2137 1527 2197 simi·

262 2245 334 2306 liter
358 2264 453 2325 super
477 2243 660 2305 volentibus
684 2242 914 2304 observacione
938 2243 1053 2304 similis
1085 2242 1180 2303 czehe
1201 2244 1262 2324 'per
1286 2241 1417 2302 eosdem
1440 2243 1528 2323 prius

263 2370 336 2412 cum
361 2351 453 2412 dictis
477 2350 636 2431 magistris
661 2349 887 2428 Crisiensibus,
912 2349 1033 2410 eisdem
1058 2369 1090 2410 se
1115 2349 1201 2430 ipsos
1225 2348 1264 2409 de
1288 2362 1394 2409 cetero
1418 2368 1528 2429 aggre-

260 2457 369 2537 gandi,
395 2457 469 2518 satis
505 2458 590 2518 bona
617 2469 648 2517 et
671 2454 829 2516 laudabili
855 2455 1027 2516 concordia
1053 2453 1133 2515 facta
1157 2467 1187 2516 et
1211 2453 1343 2515 firmiter
1366 2454 1528 2516 observari

262 2576 434 2644 assumpta,
458 2576 553 2643 prout
577 2561 653 2643 ipsis
676 2561 808 2642 placuit,
832 2581 889 2642 per
912 2580 971 2621 nos
1000 2560 1039 2621 de
1064 2574 1189 2621 maturo
1214 2559 1360 2621 omniurn
1384 2573 1528 2621 nostrum

263 2669 399 2730 consilio
423 2668 490 2730 fieri
515 2687 680 2746 consensa,
712 2681 742 2728 et
778 2667 899 2728 eisdem
931 2665 971 2727 ad
1003 2665 1269 2727 transumendum
1299 2665 1439 2744 traditas,
1471 2686 1529 2748 pro

262 2775 405 2857 ipsorum
429 2774 591 2837 salutifera
615 2788 650 2835 ut
684 2774 879 2856 premittitur
900 2772 1034 2834 utilitate
1060 2784 1091 2833 et
1113 2772 1229 2832 virtute
1251 2771 1434 2833 divinorum
1459 2770 1529 2833 olfi-

263 2882 386 2943 ciorum
411 2880 526 2942 exinde
551 2879 802 2961 sequendorum,
839 2898 979 2960 quorum
1014 2878 1235 2940 celebracione
1274 2877 1389 2956 fienda,
1417 2878 1529 2939 eadem

262 3008 295 3049 se
320 2988 406 3068 ipsos
430 2987 582 3067 consequi
606 3005 671 3047 non
696 2985 854 3063 dubitant,
877 2985 1066 3046 transummi
1091 2997 1122 3044 et
1148 2983 1316 3045 transcribi
1341 2983 1528 3062 laceremus,

261 3093 454 3174 easdemque
479 3106 509 3153 et
532 3092 663 3154 eosdem
687 3112 723 3152 ac
747 3091 856 3153 omnia
885 3091 916 3152 in
941 3091 986 3151 eis
1004 3103 1152 3152 contenta
1180 3108 1240 3170 pro
1256 3103 1347 3171 grato
1365 3103 1528 3171 acceptare

263 3213 293 3261 et
317 3200 447 3261 eosdem
472 3199 649 3280 magistros,
674 3211 709 3260 ut
733 3197 924 3280 premissum
948 3210 1005 3274 est,
1022 3196 1213 3256 nominatim
1233 3195 1380 3256 concives
1404 3209 1530 3256 nostros

263 3307 295 3367 in
320 3306 416 3367 simili
441 3305 587 3366 libertate
619 3305 651 3365 in
686 3303 807 3365 eisdem
838 3303 937 3363 literis
968 3301 1160 3362 articulatim
1193 3313 1341 3361 contenta
1373 3313 1529 3382 perpetuo

263 3430 449 3473 conservare
474 3411 689 3490 dignaremur.
724 3407 1005 3489 Quarumquidem
1034 3407 1212 3468 litterarum
1246 3419 1338 3467 tenor
1362 3420 1392 3467 et
1415 3407 1529 3467 articu-

263 3518 367 3578 lorum
393 3515 522 3577 tandem
547 3516 643 3575 series
668 3515 872 3595 subsequitur
894 3515 926 3574 in
951 3513 1036 3574 hunc
1061 3513 1214 3573 modum:

368 3622 533 3682 Emericus
550 3620 588 3681 de
603 3621 714 3698 Peren,
728 3640 835 3681 comes
849 3632 1021 3702 perpetuus
1038 3619 1210 3696 comitatus
1228 3619 1529 3700 Abawywariensis,

263 3729 352 3808 regni
367 3705 532 3807 Hungaiie
550 3726 710 3807 palatinus
723 3739 753 3788 et
764 3725 857 3807 judex
873 3726 1094 3786 Comanorum
1119 3745 1154 3785 ac
1168 3725 1360 3786 serenissimi
1375 3724 1529 3806 principis

262 3847 293 3894 ct
317 3832 454 3910 domini,
478 3831 601 3892 domini
628 3830 810 3907 Wladislai,
835 3830 885 3890 dei
910 3831 1015 3910 gracia
1040 3831 1123 3911 regis
1141 3830 1306 3911 Hungarie
1324 3842 1355 3890 et
1372 3829 1529 3890 Bohemie

264 3952 322 3999 ctc.
347 3937 469 3998 domini
496 3938 594 3998 nostri
617 3938 841 4017 graciosissimi
867 3937 1151 4017 impresenciarum
1169 3938 1201 3997 in
1219 3937 1366 3998 absencia
1388 3956 1443 3997 sue
1462 3937 1529 3997 Ma·

264 4043 384 4103 iestatis
419 4043 650 4103 locumtenens.
689 4043 738 4102 Ad
764 4058 906 4103 eternam
940 4044 984 4104 rei
1011 4044 1211 4104 memoriam.
1245 4043 1344 4104 Decet
1376 4063 1442 4119 eos,
1474 4041 1529 4122 qui

263 4168 319 4229 per
343 4148 463 4227 regiam
489 4148 711 4209 celsitudinem
736 4148 776 4208 ad
801 4148 976 4229 reipublice
1002 4148 1235 4229 gubernamina
1259 4147 1466 4229 preficiantur
1490 4146 1531 4207 ad

264 4253 434 4314 commoda
459 4267 490 4314 et
518 4254 669 4314 utilitates
699 4255 901 4315 subditorum
935 4255 1021 4334 regie
1053 4254 1245 4315 excellencie
1277 4253 1529 4314 sollicitudinem

263 4377 352 4417 suam
377 4358 541 4436 inclinare,
565 4378 601 4419 ac
625 4358 801 4419 eorundem
827 4359 966 4419 cuiusvis
991 4359 1189 4420 condicionis
1214 4359 1358 4435 existant,
1386 4357 1530 4418 raciona-

263 4462 343 4522 biles
367 4463 542 4544 peticiones
565 4463 743 4542 admittere,
769 4478 803 4525 ut
827 4485 864 4524 ex
888 4465 1089 4544 singulorum
1107 4465 1325 4526 membrorum
1350 4476 1434 4523 recta
1457 4482 1530 4545 pro-

263 4567 385 4628 visione
410 4568 513 4629 tocius
538 4569 680 4650 corporis
704 4570 788 4631 bona
813 4570 987 4651 disposicio
1012 4570 1153 4631 resultet.
1177 4568 1317 4630 Proinde
1337 4568 1377 4629 ad
1402 4568 1531 4629 univer·
1567 4570 1574 4583 ‘

261 4691 371 4734 sorum
395 4673 547 4735 noticiam
571 4686 637 4735 tam
660 4676 862 4757 presencium
887 4693 984 4756 quam
1009 4673 1191 4762 futurorum
1222 4668 1336 4735 harum
1360 4673 1442 4736 serie
1474 4693 1530 4735 vo·

263 4776 370 4838 lumus
385 4780 563 4860 pervenire,
576 4780 664 4861 quod
678 4778 802 4862 prelato
818 4779 1022 4841 serenissimo
1039 4779 1182 4862 principe
1199 4778 1333 4841 domino
1345 4777 1528 4841 Wladislao
