3472 5242
781 359 969 432 Argumenta.

251 639 306 691 182.
335 642 410 688 Anno
433 649 506 705 1523,
529 639 646 706 15111111
675 641 772 691 Budae.
792 641 1005 698 12101121211,
1027 642 1115 704 Hung.
1134 648 1182 689 etc.
1203 657 1256 699 rex,
1275 640 1409 690 confirmat

338 727 502 793 privilegium
520 744 535 777 2
554 727 656 777 Mathia
674 744 734 791 rege
753 728 853 776 civibus
872 728 966 791 zagrab
999 729 1096 785 datum,
1116 744 1168 791 quo
1197 745 1212 778 2
1230 728 1408 792 vectigalibus,

337 816 492 880 tributisque
511 832 558 881 pro
576 830 661 864 merce
680 814 810 866 solvendis
829 815 971 865 liberantur
988 842 1209 856 ·············
1221 855 1227 867 .
1239 843 1406 856 ··········
1465 826 1515 875 230

249 907 307 968 183.
336 906 417 954 Anno
439 915 514 970 1523,
537 913 577 970 15.
594 904 661 968 julii.
691 903 788 956 Budae.
817 903 1008 954 Communitate
1035 905 1147 955 civitatis
1176 912 1296 969 precante
1324 905 1410 954 Ludo·

335 993 406 1042 victu
425 995 463 1043 11.
483 1009 536 1051 rex,
555 990 689 1042 confirmat
707 992 926 1056 constitutionem,
946 1008 997 1056 qun
1016 992 1113 1042 olima
1139 992 1241 1042 Mathia
1259 1009 1319 1057 rege
1338 994 1407 1042 Kra-

336 1081 427 1146 ijevec,
447 1081 530 1145 cerie,
550 1079 682 1144 Kobiijnk
700 1079 819 1144 aliaeque
837 1087 941 1146 ereptae
958 1082 1135 1145 possessiones
1154 1082 1332 1131 communitati
1351 1087 1410 1130 sunt

338 1170 531 1220 redditae
544 1193 1406 1209 ················································

256 1277 312 1335 184.
340 1277 422 1324 Auno
445 1287 518 1341 1523,
533 1286 573 1324 22.
585 1273 653 1339 julii.
671 1275 769 1325 Budae.
789 1274 1007 1324 Communitntem
1020 1275 1131 1324 civitatis
1150 1276 1257 1341 ejusque
1276 1276 1346 1327 bona
1364 1279 1408 1327 de-

344 1364 452 1412 iendens
471 1363 619 1412 Ludovicus
639 1364 675 1411 ll.
696 1379 748 1421 rex,
764 1363 876 1428 Johanni
895 1364 1028 1426 Torquato
1046 1364 1114 1413 bano
1142 1364 1276 1430 praecipit,
1296 1373 1324 1415 ut
1343 1382 1411 1416 com·

337 1453 487 1501 munitatem
507 1453 539 1500 ab
558 1452 741 1501 insectatorum
760 1453 854 1516 iniuria
875 1458 977 1502 tueatur
983 1477 1403 1495 ························

252 1559 308 1624 185.
338 1561 415 1607 Anno
438 1570 512 1624 1523,
532 1569 573 1607 22.
591 1558 659 1623 julii.
679 1558 774 1610 Budne.
804 1558 952 1608 Ludovicus
981 1560 1026 1617 11..
1057 1561 1146 1623 Hung.
1175 1568 1224 1611 etc.
1244 1576 1297 1619 rex,
1316 1563 1410 1626 Joanni

335 1648 467 1710 Torquato
488 1647 556 1696 bano
572 1647 655 1711 jubet,
676 1653 704 1696 ut
723 1662 812 1695 severe
831 1654 910 1705 curet,
940 1662 972 1696 ne
990 1648 1050 1711 quis
1068 1664 1083 1696 a
1102 1648 1288 1699 mercatoribus
1306 1650 1408 1714 zagrab.

336 1751 382 1799 pro
401 1751 485 1784 merce
504 1736 647 1800 portorium
666 1735 707 1784 vel
727 1734 852 1784 telonium
871 1742 946 1799 cogat
971 1761 994 1786 ·.
1006 1761 1280 1776 ················

252 1842 307 1893 186.
338 1842 418 1890 Anno
440 1852 513 1906 1523,
534 1853 576 1892 22.
587 1841 654 1907 J'ulii.
675 1842 772 1891 Budae.
787 1841 938 1892 Ludovicus
956 1843 1004 1900 11,
1024 1843 1113 1905 Hung.
1133 1848 1182 1891 etc.
1202 1857 1255 1900 1211,
1275 1843 1408 1894 nobilibus

337 1930 544 1994 possessionatis,
570 1930 717 1979 civitatibus
745 1937 794 1982 etc.
823 1936 900 1987 vetat,
928 1945 961 1978 112
989 1947 1003 1979 a
1034 1930 1218 1981 mercatoribus
1246 1930 1346 1995 zagrab.
1366 1949 1412 1997 pro

338 2032 422 2067 merce
441 2019 584 2083 portorium
603 2017 645 2066 vel
665 2018 790 2068 telonium
808 2018 911 2081 exigere
930 2018 1041 2067 audeant
1059 2043 1406 2060 ····················

252 2126 307 2188 187.
339 2126 415 2173 Anno
439 2135 512 2190 1523,
535 2126 574 2177 16.
594 2125 715 2176 octobris.
747 2125 897 2189 anrabiae.
925 2124 1075 2190 Capitulum
1102 2125 1204 2188 zagrab.
1232 2126 1412 2176 fundationem

339 2212 445 2262 altariae
465 2213 491 2263 in
509 2213 619 2262 ecclesia
631 2212 773 2262 cathedrali
792 2228 806 2262 a
824 2213 923 2279 Joaune
941 2214 974 2262 de
988 2213 1092 2262 Resnik
1111 2212 1298 2278 praebendario
1317 2215 1412 2264 consti·

338 2309 418 2351 tutam
437 2303 588 2367 comprobat
595 2327 1407 2343 ·············································

253 2409 308 2460 188.
339 2408 420 2456 Anno
442 2417 516 2473 1523,
537 2419 578 2469 29.
598 2408 719 2461 octobris.
739 2393 854 2461 iiasmae.
865 2408 1022 2457 Valentinus
1041 2409 1157 2457 notarius
1173 2406 1312 2457 dusmensis
1332 2410 1410 2457 Petro

337 2496 458 2560 Grangja,
477 2495 568 2546 lectori
588 2496 696 2561 capituli
714 2496 814 2559 zagrab.
840 2511 989 2561 processum
1007 2504 1097 2545 contra
1120 2505 1267 2546 castrenses
1286 2496 1319 2544 de
1338 2498 1413 2546 Med·

338 2584 450 2649 vedgrad
470 2586 550 2635 mittit
564 2610 1410 2626 ················································

254 2678 309 2735 189.
338 2674 413 2725 Auno
436 2686 510 2740 1524,
530 2686 553 2739 7.
574 2674 704 2725 februarii.
719 2674 868 2738 Zagrabiae.
891 2675 984 2724 Coram
997 2673 1112 2739 capitulo
1130 2674 1231 2737 zngrub.
1250 2673 1330 2737 legati
1340 2690 1409 2723 com·

339 2764 472 2812 munitatis
485 2763 597 2812 civitatis
610 2769 698 2811 contra
716 2778 933 2826 unumquemque,
953 2763 1090 2827 praecipue
1110 2769 1198 2811 contra
1217 2762 1410 2826 Margaretham

341 2853 448 2915 Heuiug
466 2860 491 2901 et
510 2853 671 2917 Stephanum
690 2853 827 2910 Deeihazi,
846 2853 891 2915 qui
910 2852 1075 2900 Petroviuam
1100 2857 1125 2900 et
1145 2836 1332 2914 biljalrovinam
1351 2865 1409 2914 pos·

340 2941 467 2989 sessiones
486 2941 599 2989 civitatis
618 2939 757 2998 vindicant,
776 2941 986 2989 intercessionem
1008 2939 1106 2988 iaciunt
1113 2963 1403 2978 ·················

253 3060 301 3109 190
330 3051 407 3097 Anno
429 3059 503 3112 1524,
526 3059 564 3099 10,
580 3047 710 3098 februarii.
729 3046 844 3099 Posonii.
863 3046 1012 3095 Ludovicus
1025 3045 1072 3102 11,
1092 3046 1180 3107 Hung.
1194 3051 1244 3094 etc.
1262 3058 1314 3100 rex,
1334 3041 1409 3091 banis

340 3138 478 3187 Slavoniae
502 3138 575 3200 regni
601 3137 735 3201 praecipit,
755 3143 782 3185 ut
801 3135 946 3198 exquirant,
976 3150 1054 3197 quare
1074 3132 1237 3196 Margaretha
1262 3130 1368 3193 Hening
1385 3137 1411 3179 et

337 3225 483 3291 Stephanus
496 3225 624 3274 Deeihazi
644 3224 820 3288 possessiones
833 3223 959 3272 bonorum
971 3222 1110 3270 Petrovina
1128 3227 1154 3269 et
1172 3206 1334 3284 Siljnkovina
1344 3233 1412 3267 com-

338 3314 456 3363 munitati
476 3314 588 3363 civitatis
608 3328 654 3378 per
672 3313 725 3361 11111
744 3319 874 3377 recusent,
901 3318 979 3374 atque
998 3311 1019 3360 sl
1039 3311 1189 3375 perfuerit,
1208 3315 1236 3358 ut
1254 3308 1322 3357 110112
1341 3323 1408 3357 com-

338 3403 458 3452 munitati
477 3403 581 3467 propria
600 3401 701 3451 tradant
718 3421 1408 3440 ·······································

254 3520 310 3567 191,
339 3509 421 3557 Anno
444 3519 519 3574 1524,
539 3507 578 3559 26.
599 3507 729 3557 februarii.
749 3506 896 3570 Zagrabiae.
911 3505 1025 3555 Micbuel
1045 3505 1078 3553 de
1096 3490 1247 3568 8611213210,
1265 3501 1346 3567 judex
1365 3517 1410 3552 no·

338 3595 439 3659 bilium,
458 3613 543 3646 coram
559 3598 680 3661 Johanne
698 3598 832 3659 Torquato
850 3595 926 3654 bano,
946 3595 1112 3644 statutionem
1131 3591 1303 3658 possessionis
1321 3593 1411 3640 Petro-

339 3686 398 3734 vina
416 3686 515 3734 civitati
535 3687 629 3734 montis
649 3685 795 3735 Grecensis.
815 3685 873 3749 ipso
901 3683 1028 3733 insciente
1052 3683 1154 3740 factam,
1181 3678 1280 3733 irritam
1299 3679 1414 3729 declarat

256 3799 313 3850 192.
342 3791 423 3839 Anno
445 3803 519 3856 1524,
539 3792 562 3842 8.
582 3793 693 3855 augusti.
712 3791 811 3844 Budne.
839 3790 989 3839 Ludovicus
1016 3789 1063 3849 11,
1083 3789 1172 3850 Hung.
1200 3794 1249 3837 etc.
1268 3803 1321 3844 rex,
1339 3786 1414 3836 banis

340 3878 477 3928 Sluvoniae
496 3880 569 3943 regni
588 3880 700 3937 mandat,
713 3887 741 3929 ut
755 3881 824 3929 cives
837 3879 1016 3943 zagrabienses
1036 3877 1184 3934 defendant,
1204 3876 1226 3925 si
1245 3877 1302 3939 quis
1320 3876 1354 3925 ab
1373 3877 1411 3926 eis

339 3967 450 4030 vectigal
469 3967 511 4015 vel
530 3969 672 4032 portorium
691 3969 778 4031 exigat
797 3989 1408 4007 ···································

255 4086 311 4137 193.
340 4074 420 4122 Anno
443 4086 518 4139 1524,
539 4085 579 4139 15.
599 4074 719 4125 octobris.
740 4074 837 4124 Budae.
857 4074 1006 4123 Ludovicus
1025 4073 1073 4129 11,
1093 4072 1180 4134 Hung.
1201 4077 1249 4119 etc.
1270 4086 1323 4127 rex,
1343 4071 1413 4136 capi·

339 4161 395 4210 tulo
413 4162 514 4225 zagrab.
534 4161 616 4226 jubet,
635 4169 664 4210 111
689 4163 831 4211 Turcorum
856 4163 955 4226 impetu
980 4160 1131 4210 imminente
1157 4174 1216 4208 suas
1241 4158 1329 4222 copias
1348 4158 1414 4206 bene

339 4258 449 4299 armatas
469 4251 553 4300 mittat
573 4249 622 4299 sub
639 4250 701 4299 bani
711 4251 857 4315 imperium,
872 4266 936 4298 neve
949 4250 982 4298 ad
992 4249 1133 4297 exercitum
1152 4247 1347 4296 sustentandum
1366 4262 1413 4311 pro

341 4340 430 4404 portis,
450 4339 496 4387 sed
515 4354 562 4403 pro
579 4338 656 4387 iumis
675 4337 801 4387 tributum
820 4339 907 4401 exigat
919 4360 1265 4376 ····················
1276 4373 1282 4384 .
1312 4359 1407 4372 ······
1468 4345 1518 4395 242

254 4461 310 4510 194.
340 4447 420 4495 Anno
444 4456 517 4510 1525,
540 4457 578 4495 12.
596 4444 715 4509 januarii.
734 4444 832 4496 Budne.
851 4444 999 4492 Ludovicus
1018 4444 1065 4500 11..
1089 4443 1177 4504 Hung.
1198 4447 1247 4491 etc.
1266 4456 1320 4497 rex,
1340 4447 1410 4504 post-

338 4550 415 4597 quam
434 4534 559 4583 Alexium
577 4534 662 4582 Turzo
682 4533 825 4582 nominavit
853 4532 1074 4588 tricesimatorem,
1099 4529 1228 4597 praecipit
1252 4528 1353 4578 civibus
1371 4545 1411 4577 za·

340 4623 528 4687 grabiensibus,
549 4630 576 4671 ut
595 4623 620 4671 ei
638 4622 710 4671 omui
728 4619 837 4670 consilio
856 4620 1006 4683 auxilioque
1024 4620 1110 4668 adsint
1134 4645 1140 4657 ·
1170 4643 1408 4656 ··············
1468 4628 1517 4678 243

255 4742 311 4795 195.
336 4731 418 4778 Anno
441 4741 515 4795 1525,
539 4729 577 4779 16,
597 4727 696 4792 aprilis.
716 4727 866 4792 Zagrnbiae.
894 4727 992 4784 Simon,
1020 4727 1158 4791 episcopus
1185 4723 1286 4786 zagrab.
1315 4739 1410 4772 aunum

336 4817 430 4882 jubilei
449 4817 590 4882 anrabine
608 4816 708 4867 civitati
726 4821 752 4866 et
770 4816 932 4881 episcopatui
951 4813 1067 4878 divulgat
1080 4837 1317 4853 ·············
1467 4821 1519 4872 244
