3472 5242
264 348 305 429 96
686 345 758 404 Doc.
783 339 836 418 89.
863 375 901 386 -
932 345 988 400 An.
1014 355 1099 418 1511.

264 575 377 636 naliter
408 592 516 634 coram
540 571 632 632 nobis
657 571 841 648 astantibus,
865 569 1076 651 prudentibus
1100 582 1130 630 et
1153 568 1389 650 circumspectis
1418 568 1524 629 Felice

264 679 368 761 judice
404 700 440 740 ac
472 677 627 739 Michaele
659 674 860 757 Optasnych,
893 675 970 736 alias
1006 675 1151 736 similiter
1181 674 1297 755 judice,
1331 693 1416 735 nunc
1448 694 1525 735 vero

264 787 401 863 seniore,
432 797 462 844 et
493 783 593 844 altero
626 781 783 842 Michaele
816 780 919 860 jurato
951 781 1019 842 cive
1044 795 1075 842 et
1098 780 1224 842 notario
1248 780 1383 841 civitatis
1407 781 1526 841 montis

265 891 433 954 Grecensis
464 888 549 970 juxta
581 888 781 969 Zagrabiam,
806 887 860 968 qui
893 887 1040 948 similiter
1071 888 1103 948 in
1138 906 1249 949 eorum
1278 906 1313 947 ac
1337 885 1525 967 juratorum,

265 1010 508 1077 ceterorumque
541 994 658 1055 civium
691 1006 721 1054 et
753 993 857 1054 tocius
881 993 1119 1055 communitatis
1143 993 1225 1054 dicte
1250 992 1384 1054 civitatis
1408 992 1526 1053 montis

265 1102 433 1166 Grecensis
454 1099 598 1182 personis
622 1118 728 1160 coram
753 1099 846 1160 nobis
870 1101 1030 1176 astabant;
1060 1099 1156 1160 iidem
1180 1098 1302 1160 domini
1322 1098 1472 1158 Albertus
1495 1110 1526 1158 et

264 1208 408 1270 Andreas
431 1206 583 1289 prepositi
605 1219 635 1266 et
650 1206 801 1285 magister
818 1205 964 1266 Matheus
985 1206 1085 1267 lector
1101 1218 1209 1266 contra
1228 1204 1358 1265 eosdem
1375 1203 1525 1283 judicem,

264 1313 393 1396 juratos,
418 1327 603 1393 ceterosque
636 1312 721 1373 cives
754 1324 784 1372 et
815 1323 915 1372 totam
943 1312 1205 1373 communitatem
1230 1324 1368 1393 pretacte
1391 1309 1527 1371 civitatis

264 1421 382 1482 montis
407 1418 575 1481 Grecensis
598 1430 833 1499 proposuerunt
857 1431 887 1479 et
911 1418 1076 1498 conquesti
1101 1430 1173 1477 sunt
1197 1436 1235 1478 eo
1259 1416 1372 1477 modo:
1390 1415 1527 1496 qualiter

264 1527 362 1589 iidem
387 1524 492 1606 judex,
513 1524 673 1604 ceterique
698 1523 782 1584 cives
809 1523 952 1584 eiusdem
977 1523 1112 1585 civitatis
1136 1523 1253 1584 montis
1274 1521 1442 1584 Grecensis
1465 1521 1526 1583 hiis

265 1632 409 1715 proxime
425 1629 582 1712 preteritis
599 1628 713 1691 diebus
728 1629 810 1690 circa
826 1628 1021 1690 dominicam
1039 1630 1163 1708 Letare,
1175 1629 1319 1711 proxime
1332 1627 1526 1710 preteritam,

265 1738 432 1799 universos
447 1735 614 1816 utriusque
631 1755 723 1796 sexus
738 1734 886 1796 homines
898 1748 962 1796 tam
979 1735 1011 1796 in
1025 1735 1260 1796 circumvicinis
1272 1733 1527 1817 possessionibus

266 1854 511 1919 commorantes,
537 1861 634 1923 quam
667 1841 767 1902 eciam
800 1853 977 1919 extraneos,
1001 1841 1056 1922 qui
1088 1840 1237 1902 victualia
1267 1854 1297 1902 et
1321 1841 1399 1902 alias
1423 1839 1526 1900 diver·

265 1969 370 2011 sarum
396 1948 600 2010 materiarum
625 1966 673 2007 res
697 1958 727 2007 et
749 1947 835 2008 bona
859 1966 894 2008 nc
919 1947 1112 2008 mercancias
1135 1947 1175 2008 ad
1203 1946 1308 2008 lorum
1332 1947 1470 2008 liberum
1495 1945 1526 2006 in

266 2075 337 2116 area
362 2053 527 2136 capitulari
552 2051 726 2132 Zagrabiae
743 2051 895 2114 existente
918 2054 958 2113 ab
975 2053 1115 2133 antiquis
1131 2053 1339 2135 temporibus,
1357 2053 1447 2113 cuius
1463 2052 1525 2113 iam

265 2160 421 2222 memoria
448 2158 617 2220 hominum
648 2176 714 2218 non
743 2170 871 2236 extaret,
891 2177 1016 2240 semper
1043 2158 1111 2219 sine
1142 2158 1250 2239 aliqua
1275 2158 1526 2221 contradictione

266 2279 296 2326 et
328 2263 560 2346 impedimento
592 2282 627 2323 ac
659 2262 845 2324 turbacione
878 2261 1009 2345 pacifice
1034 2277 1064 2325 et
1087 2264 1193 2345 quiete
1219 2264 1370 2326 celebrari
1395 2264 1525 2326 solitum

266 2370 462 2448 deferebant,
487 2369 526 2430 de
559 2368 619 2430 viis
649 2369 758 2431 liberis
786 2382 816 2430 et
839 2369 976 2451 publicis
997 2384 1102 2452 preter
1125 2389 1255 2432 omnem
1278 2371 1363 2432 viam
1387 2371 1464 2451 juris
1488 2370 1527 2431 ad

266 2477 384 2539 dictam
416 2476 576 2537 civitatem
608 2475 749 2557 ipsorum
785 2476 903 2537 montis
937 2474 1106 2538 Grecensis
1137 2477 1166 2537 vi
1200 2490 1231 2538 et
1262 2477 1527 2559 potencionaliter

268 2582 491 2665 impellissent,
516 2580 636 2643 dictum
670 2582 813 2663 ipsorum
841 2581 1047 2644 dominorum
1073 2582 1295 2665 capitularium
1320 2581 1425 2644 forum
1451 2582 1528 2643 libe·

266 2708 339 2750 rum
370 2688 409 2748 de
442 2688 509 2769 ipsa
541 2707 612 2749 area
648 2687 814 2769 capitulari
846 2689 960 2750 aboliti
992 2701 1170 2770 satagentes
1204 2689 1235 2749 in
1260 2688 1473 2770 preiudicium
1497 2701 1528 2748 et

265 2793 441 2876 dampnum
459 2794 558 2878 ipsius
575 2794 704 2876 capituli
722 2806 752 2855 et
768 2806 907 2876 pretacte
924 2795 1056 2856 ecclesie
1072 2794 1287 2876 zagrabiensis
1301 2791 1526 2869 manifestum3

265 2900 463 2982 requirentes
488 2918 547 2961 nos
583 2899 614 2960 in
646 2918 696 2978 eo,
720 2913 754 2960 ut
785 2900 907 2960 eisdem
938 2901 969 2961 in
1000 2900 1219 2962 testimonium
1245 2912 1275 2961 et
1299 2897 1528 2961 verificacionis

266 3008 497 3069 documentum
533 3006 772 3088 premissorum,
808 3007 894 3088 quod
934 3006 1053 3068 scilicet
1088 3006 1208 3068 dictum
1244 3005 1349 3066 lorum
1385 3006 1528 3087 ipsorum

266 3113 402 3175 liberum
434 3131 559 3194 semper
592 3125 622 3173 et
654 3113 693 3173 ab
729 3112 869 3192 antiquis
893 3112 924 3172 in
950 3113 1017 3194 ipsa
1041 3132 1113 3174 area
1138 3112 1303 3195 capitulari
1328 3113 1396 3173 sine
1420 3113 1528 3192 aliqua

266 3217 533 3296 contradiccione‚
565 3218 817 3299 turbacioneque
856 3231 886 3279 et
919 3217 1156 3298 inquietatione
1192 3219 1386 3280 celebratum
1417 3219 1527 3296 extitit,

267 3325 388 3385 litteras
412 3336 534 3384 nostras
557 3323 729 3406 superinde
753 3343 811 3406 pro
835 3324 1020 3385 testimonio
1041 3324 1115 3385 dare
1133 3324 1332 3386 deberemus.
1349 3325 1417 3385 Nos
1432 3325 1529 3406 igitur

266 3429 306 3490 ad
331 3429 577 3510 requisicionem
600 3429 744 3511 ipsorum
768 3428 975 3493 dominorum
999 3431 1221 3513 capitularium
1245 3431 1383 3491 universi
1402 3430 1528 3492 univer·

266 3534 373 3596 saliter
398 3548 428 3596 et
452 3534 569 3615 singuli
592 3534 795 3614 singulariter
819 3534 956 3597 latemur
976 3549 1006 3596 et
1026 3536 1092 3618 pari
1114 3551 1190 3597 voto
1208 3535 1422 3615 testificamur,
1440 3536 1528 3617 quod

266 3659 392 3722 semper
424 3653 454 3701 et
484 3640 524 3701 ab
552 3640 692 3720 antiquis
714 3641 924 3723 temporibus,
949 3661 1011 3721 que
1036 3642 1156 3703 scilicet
1179 3642 1336 3703 memoria
1359 3642 1528 3704 hominum

270 3744 541 3827 comprehendere
574 3766 639 3807 non
671 3747 780 3828 possit,
804 3747 836 3807 in
869 3747 936 3829 ipsa
968 3767 1040 3809 area
1072 3731 1237 3831 capitulari
1262 3747 1367 3811 forum
1391 3750 1528 3810 liberum

196 3846 201 3855 ’
266 3851 413 3913 omnium
436 3870 542 3913 rerum
560 3864 591 3912 et
607 3852 858 3914 mercanciarum
876 3854 915 3913 ab
934 3854 1084 3915 omnibus
1101 3855 1321 3916 universaliter
1337 3855 1404 3916 sine
1421 3855 1528 3937 aliqua

267 3956 518 4019 contradictione
548 3971 579 4018 et
603 3957 840 4037 inquietatione
863 3959 993 4040 pacifice
1018 3960 1212 4021 celebratum
1237 3961 1347 4022 extitit.
1381 3961 1413 4021 ln
1439 3962 1529 4023 cuius

267 4063 311 4124 rei
335 4062 556 4124 testimonium
580 4076 741 4144 presentes
769 4063 888 4124 litteras
912 4079 1035 4126 nostras
1058 4066 1117 4127 sub
1141 4066 1247 4147 sigillo
1272 4080 1378 4127 nostre
1404 4068 1529 4129 univer-

267 4169 367 4230 sitatis
398 4182 572 4246 emanatas,
596 4167 719 4250 prelato
751 4169 891 4251 capitulo
923 4170 1053 4232 ecclesie
1085 4173 1298 4252 zagrabiensis
1329 4193 1387 4254 pro
1411 4173 1529 4254 jurium

271 4273 415 4335 eiusdem
449 4274 571 4335 cautela
604 4273 754 4336 duximus
777 4275 1009 4339 concedendas.
1033 4277 1150 4339 Datum
1176 4278 1271 4339 Crisii
1296 4278 1435 4361 predicta
1461 4279 1530 4361 ipso

268 4380 320 4440 die
344 4379 605 4461 congregacionis
635 4393 741 4442 nostre
765 4395 940 4462 prenotate.
970 4387 1066 4444 Anno
1091 4384 1214 4445 domini
1238 4385 1411 4446 millesimo
1436 4386 1529 4466 quin·

267 4486 446 4566 gentesimo
470 4485 652 4547 undecimo.

374 4641 510 4708 Originala
523 4643 549 4693 in
563 4643 660 4697 charta.
681 4644 708 4694 ln
721 4646 839 4711 margine
853 4646 972 4699 inferiori
986 4648 1101 4713 sigillum
1115 4651 1189 4715 regni
1204 4649 1347 4702 Slavonlae
1361 4650 1529 4716 (mardurina)

268 4732 434 4797 impressam.
453 4731 481 4783 la
500 4731 596 4784 archiv.
616 4747 676 4784 ven.
695 4747 752 4799 cap.
771 4748 843 4800 zagr.
862 4735 913 4785 Act
942 4736 1005 4800 Cap.
1025 4743 1068 4788 ant
1096 4737 1159 4792 fasc.
1182 4740 1222 4791 10.
1242 4753 1279 4792 ur.
1299 4754 1315 4790 a
1333 4739 1373 4792 72.
