3472 5242
239 378 296 439 126
646 381 719 442 Doc.
744 377 816 443 108.
838 415 880 425 -
904 383 963 442 An.
987 393 1076 460 1514.

232 619 340 668 nostra
364 602 584 669 Warasdiensi
608 605 686 669 feria
711 621 822 689 quarta
845 621 918 670 ante
943 606 1059 670 festum
1079 622 1186 672 sancte
1205 609 1382 672 Trinitatis.
1400 615 1496 672 Anno

232 712 357 776 domini
381 711 566 794 (millesimo
590 713 860 797 quingentesimo)
883 715 1069 778 tredecimo.

337 835 368 900 (Α
387 833 485 904 tergo).
512 818 760 901 Circumspectis
793 839 829 882 ac
859 820 1002 902 providis
1033 820 1142 902 iudici,
1170 820 1343 903 juratisque
1375 822 1525 884 civibus·

233 925 351 986 montis
375 923 553 1005 Grecensis,
577 925 671 986 nobis
690 924 832 988 delectis.

339 1065 475 1131 originale
494 1066 519 1117 in
537 1067 635 1121 charta.
660 1068 683 1116 A
707 1070 785 1132 tergo
811 1067 968 1132 inpressum
993 1075 1035 1121 est
1060 1069 1184 1135 sigillum.
1210 1070 1237 1121 ln
1257 1068 1354 1122 archiv.
1371 1054 1420 1122 lib.
1439 1083 1496 1134 reg.

233 1154 305 1207 civit.
324 1154 429 1220 ragrah.

821 1352 908 1419 108.

340 1489 414 1540 Anno
436 1489 510 1554 1514,
529 1489 571 1542 25.
590 1491 704 1556 augusti.
723 1490 821 1544 Budas.

241 1615 408 1676 Vlodr'slaus
432 1618 532 1692 Hung.
548 1626 597 1678 etc.
615 1637 671 1678 rex
692 1619 782 1676 Petro
804 1619 972 1677 Berislavr'l
988 1619 1064 1677 bano
1078 1620 1232 1693 praecipit,
1250 1625 1287 1676 ut
1306 1618 1338 1675 in
1353 1619 1496 1692 proxima

232 1724 450 1796 congregatione
477 1723 613 1797 generali
641 1724 685 1780 ad
702 1725 794 1798 finem
818 1725 964 1797 perducat
992 1725 1077 1800 litem,
1104 1742 1182 1798 quae
1211 1724 1244 1781 de
1274 1723 1308 1781 'ra'
1327 1743 1347 1780 a
1369 1721 1498 1782 civitatis

450 1830 647 1887 communitate
669 1847 743 1902 agro
765 1831 887 1903 capituli
905 1831 936 1887 in
963 1829 1049 1904 Krog
1069 1827 1154 1888 illata
1176 1831 1284 1904 agitur.

919 1966 1077 2020 commissio
1096 1966 1206 2032 propria
1225 1966 1322 2019 domini
1343 1968 1422 2032 regis.

339 2093 538 2155 Wiadislaus
562 2093 613 2154 dei
637 2094 743 2174 gracia
766 2113 819 2155 rex
844 2094 1009 2175 Hungarie
1034 2107 1066 2155 et
1082 2092 1237 2155 Bohemie
1254 2106 1313 2155 etc.
1331 2092 1497 2154 Fideiibus

232 2199 348 2262 nostris
382 2198 559 2261 reverendo
594 2198 728 2261 domino
763 2199 858 2260 Petro
894 2198 1030 2282 Beryzlo
1062 2200 1215 2282 episcopo
1252 2197 1495 2281 wesprimiensi,

232 2323 360 2366 summo
390 2304 590 2368 thezaurario
622 2319 743 2385 nostro,
767 2325 892 2367 necnon
916 2325 1088 2388 regnorum
1112 2319 1295 2368 nostrorum
1320 2304 1495 2384 Dalmacie,

149 2451 151 2455 ψ
233 2408 368 2472 Croacie
401 2424 432 2472 et
465 2410 636 2473 Sclauonie
669 2411 754 2473 bano
787 2432 823 2473 ac
855 2412 985 2493 egregio
1009 2412 1166 2473 vicebano
1190 2411 1345 2491 eiusdem,
1370 2429 1495 2471 necnon

233 2515 384 2596 magistro
409 2517 578 2578 Francisco
602 2517 641 2578 de
666 2516 817 2579 Marocha
842 2517 1018 2600 personalis
1041 2517 1203 2599 presencie
1228 2529 1334 2578 nostre
1359 2535 1394 2577 ac
1419 2515 1495 2576 dicti

233 2621 322 2702 regni
355 2622 454 2683 nostri
480 2621 651 2684 Sciauonie
682 2621 937 2704 prothonotario,
961 2622 1185 2704 judicibusque
1217 2621 1388 2700 nobilium,
1412 2605 1495 2682 cete·

233 2726 338 2808 risque
374 2726 483 2807 juratis
517 2727 728 2789 assessoribus
763 2728 847 2790 sedis
881 2727 1046 2809 judiciarie
1078 2728 1248 2790 comitatus
1279 2726 1495 2816 zagrabiensis

232 2832 367 2894 salutem
392 2845 423 2894 et
445 2833 594 2914 graciam.
620 2834 800 2916 Exponitur
824 2834 982 2897 Maiestati
1010 2847 1115 2896 nostre
1140 2833 1171 2895 in
1196 2853 1332 2915 persona
1356 2832 1494 2894 honora-

232 2937 306 3000 bilis
337 2939 467 3020 capituli
502 2939 634 3001 ecclesie
666 2940 891 3022 zagrabiensis,
922 2941 1059 3022 qualiter
1093 2938 1171 3002 feria
1204 2952 1316 3021 quarta
1348 2939 1493 3020 proxima

198 3045 201 3050 ’
232 3058 305 3106 ante
340 3043 455 3106 festum
490 3045 574 3106 beati
606 3045 677 3107 Eiie
712 3045 878 3129 prophete,
912 3047 1056 3129 proxime
1092 3046 1290 3128 preteritum,
1321 3045 1495 3126 prudentes

233 3163 264 3212 et
297 3151 516 3232 circumspecti
552 3151 689 3214 Michaei
726 3153 890 3232 litteratus,
925 3152 1037 3234 iudex3
1071 3152 1260 3213 Valentinus
1292 3148 1431 3234 frenipar
1464 3164 1496 3213 et

233 3256 414 3338 Stephanus
442 3255 612 3336 aurifaber,
636 3257 729 3339 jurati
762 3260 847 3321 cives
878 3259 1013 3320 civitatis
1046 3271 1152 3320 nostre
1182 3257 1300 3318 montis
1326 3256 1494 3318 Grecensis

232 3363 392 3425 cumulata
425 3364 484 3425 sibi
517 3364 592 3445 ipsis
622 3378 653 3426 et
683 3377 831 3446 agregata
861 3384 977 3446 magna
1009 3364 1109 3426 immo
1133 3365 1263 3446 copiosa
1287 3362 1494 3425 multitudine

232 3469 361 3549 civium,
395 3469 638 3552 incolarumque
677 3485 708 3533 et
746 3470 997 3533 inhabitatorum
1037 3470 1180 3533 eiusdem
1216 3469 1352 3532 civitatis
1386 3483 1493 3531 nostre

232 3575 350 3636 montis
382 3574 560 3654 Grecensis,
585 3575 788 3657 aliorumque
820 3576 1133 3658 quamplurimorum
1157 3574 1325 3637 hominurn
1351 3588 1381 3636 et
1405 3574 1493 3656 joba·

231 3680 365 3760 gionum
390 3700 501 3742 eorum
526 3694 557 3743 et
580 3682 619 3743 ad
644 3701 698 3743 eos
726 3683 970 3764 pertinencium,
993 3696 1059 3744 tam
1082 3682 1203 3744 scilicet
1226 3681 1371 3762 equitum
1396 3701 1493 3762 quam

232 3786 332 3847 eciam
364 3787 508 3869 peditum
536 3808 609 3850 cum
634 3789 759 3870 magnis
782 3788 985 3870 apparatibus
1006 3807 1168 3865 curruum,
1185 3788 1314 3849 armatis
1335 3799 1366 3848 et
1382 3800 1494 3869 poten-

232 3891 336 3952 ciariis
361 3893 509 3955 manibus
532 3895 573 3956 ad
597 3895 792 3957 territorium
817 3894 960 3955 eiusdem
983 3893 1113 3976 capituli
1131 3893 1263 3955 ecclesie
1279 3893 1494 3974 zagrabiensis

233 4009 264 4058 et
287 4015 343 4078 per
365 4017 565 4081 consequens
596 3999 728 4061 ecclesie
753 3999 1081 4062 kathedraiiseorum
1109 4000 1208 4060 sancti
1233 3999 1316 4079 regis
1340 3998 1492 4080 Stephani

233 4102 352 4164 ibidem
374 4104 527 4185 Zagrabie
549 4103 691 4182 fundate,
717 4105 749 4166 in
770 4106 922 4167 comitatu
946 4105 1143 4186 zagrabiensi
1161 4104 1322 4169 existentis
1338 4103 1494 4184 habitum,

232 4222 528 4290 consequenterque
560 4223 657 4272 terras
690 4211 826 4273 arabiles
850 4225 881 4273 et
904 4209 1013 4273 fenilia
1037 4210 1181 4272 eiusdem
1206 4210 1336 4291 capituli
1360 4210 1493 4271 ecclesie

232 4315 445 4395 zagrabiensis
467 4315 499 4376 in
524 4336 638 4398 campo
661 4316 781 4379 scilicet
801 4317 945 4379 eiusdem
966 4317 1096 4399 capituli
1119 4315 1308 4397 exponentis
1324 4328 1355 4376 et
1371 4316 1403 4376 in
1420 4316 1493 4377 ioco

233 4420 343 4501 Kroog
375 4434 488 4482 vocato
524 4422 715 4503 adiacentes,
744 4424 776 4485 in
808 4423 1079 4505 quarumquidem
1111 4435 1266 4483 terrarum
1291 4433 1322 4482 et
1346 4419 1493 4483 senilium

232 4523 329 4585 iidem
363 4541 558 4608 exponentes
589 4542 620 4591 et
653 4549 690 4590 ex
722 4530 930 4610 consequenti
963 4528 1095 4590 ecclesia
1124 4527 1207 4589 beati
1231 4526 1314 4608 regis
1339 4525 1492 4609 Stephani

231 4629 389 4692 antedicta
413 4632 454 4693 ab
477 4633 616 4714 antiquis
639 4635 848 4717 temporibus,
872 4635 962 4697 cuius
986 4633 1135 4710 videlicet
1159 4650 1224 4694 non
1248 4644 1368 4694 extaret
1388 4630 1493 4694 homi-

232 4753 309 4796 num
331 4737 498 4817 memoria,
518 4756 644 4823 semper
664 4739 696 4800 in
713 4738 846 4821 pacifico
862 4739 1008 4803 dominio
1025 4739 1093 4802 sine
1111 4737 1344 4820 impedimento
1359 4736 1492 4818 aliquali

131 4892 133 4897 ,
231 4831 417 4921 extitissent,
446 4843 620 4923 venientes,
641 4845 756 4926 ¹ibique
788 4845 972 4926 octuaginta
1001 4846 1141 4928 plaustra
1168 4842 1264 4906 triciti
1297 4855 1328 4904 et
1356 4842 1493 4923 siliginis
