3472 5242
236 348 296 428 184
651 350 891 431 Doc.146.—
918 351 978 414 An.
1002 364 1085 429 1517.

232 456 395 463 ——--.
415 457 570 463 -.———
1279 460 1493 467 ἡ...

232 578 365 640 eosdem
389 578 563 640 venerabili
588 579 741 659 magistro
766 577 916 640 Ladislao
950 578 990 641 de
1014 577 1211 658 Gerzenche,
1243 580 1328 643 fratri
1361 596 1392 644 et
1422 602 1498 644 con·

232 685 388 747 canonico
426 699 535 746 nostro
559 704 595 745 ac
631 685 722 746 altari
757 685 857 746 sancti
882 685 1020 747 Emerici
1057 686 1088 747 in
1124 688 1258 750 ecclesia
1291 689 1390 751 sancti
1415 690 1499 771 regis

234 790 387 873 Stephani
422 804 606 853 constructo
634 790 726 871 facte,
762 790 1029 854 contradiccionis
1060 793 1219 854 velamine
1251 795 1420 874 obviasset,
1455 798 1498 858 ob

234 896 469 978 quamquidem
493 897 785 959 contradictionem
809 895 969 979 prefatum
994 898 1194 960 Demetrium
1226 902 1424 982 prepositum
1458 902 1499 964 ad

233 1003 423 1065 instanciam
447 1003 523 1064 dicti
548 1003 691 1084 magistri
717 1002 856 1064 Ladislai
881 1004 951 1085 ipso
975 1004 1111 1065 instante
1136 1007 1235 1067 nostri
1252 1006 1285 1067 in
1302 1007 1500 1087 presenciam

212 1143 215 1150 ·
234 1111 359 1171 evocari
384 1108 571 1172 fecissemus
587 1108 627 1170 ad
644 1108 849 1189 allegandam
865 1122 896 1170 et
912 1108 1110 1172 reddendam
1125 1112 1354 1174 racionabilem
1371 1133 1498 1175 causam

234 1235 290 1277 sue
315 1215 586 1277 contradictionis.
612 1214 677 1288 Qui
701 1214 833 1276 tandem
857 1216 889 1277 in
914 1216 1053 1278 termino
1077 1218 1288 1298 personaliter
1312 1238 1501 1301 comparens

235 1323 396 1405 allegavit,
421 1320 509 1403 quod
533 1321 661 1382 racione
686 1321 857 1382 vicinitatis
881 1335 912 1383 et
945 1322 1080 1384 dominii
1105 1343 1155 1402 eo,
1179 1324 1267 1405 quod
1298 1324 1413 1385 domus
1446 1325 1500 1386 illa

235 1442 316 1491 esset
339 1431 398 1490 sub
423 1427 572 1490 dominio
596 1428 796 1509 prepositure
821 1429 914 1490 beate
938 1429 1071 1509 virginis
1094 1428 1225 1511 prefate,
1250 1431 1305 1492 ubi
1330 1431 1397 1512 ipse
1421 1445 1502 1493 esset

235 1536 426 1619 prepositus,
451 1535 552 1616 magis
575 1534 748 1615 pertineret
772 1533 814 1596 ed
837 1553 913 1595 aum
938 1555 973 1596 ea
998 1536 1125 1598 racione
1143 1556 1240 1617 quam
1257 1537 1296 1598 ad
1314 1537 1500 1618 magistrum

237 1642 432 1704 Ladislaum.
457 1640 607 1702 Tandem
632 1660 669 1700 ex
693 1639 827 1701 adverso
852 1639 938 1702 idem
964 1642 1113 1722 magister
1137 1641 1305 1703 Ladislaus
1325 1641 1500 1723 respondit,

237 1748 325 1830 quod
349 1748 417 1829 ipsa
442 1746 558 1808 domus
591 1765 664 1807 cum
688 1745 775 1807 curia
799 1758 830 1807 et
864 1745 957 1807 horto
993 1765 1058 1807 non
1089 1749 1195 1809 solum
1230 1767 1288 1829 pro
1317 1747 1501 1830 pecuniaria

236 1855 403 1917 solucione
427 1854 483 1915 sed
507 1853 608 1914 eciam
633 1853 665 1914 in
690 1865 809 1914 sortem
833 1852 1009 1914 elemosine
1033 1866 1064 1914 et
1087 1873 1145 1936 pro
1169 1868 1322 1936 perpetua
1346 1854 1502 1915 memoria

237 1961 342 2023 fienda
366 1961 398 2021 in
423 1960 644 2021 celebracione
668 1959 837 2020 missarum
871 1959 904 2019 in
927 1978 980 2019 ara
1003 1959 1102 2020 sancti
1135 1960 1271 2021 Emerici
1305 1959 1337 2021 in
1370 1960 1502 2021 ecclesia

236 2068 336 2129 sancti
360 2067 444 2147 regis
468 2064 621 2146 Stephani
645 2084 702 2145 per
725 2062 866 2145 prefatos
898 2064 1035 2125 Paulum
1067 2065 1242 2127 litteratum
1273 2078 1304 2126 et
1336 2064 1503 2127 dominam

240 2173 409 2236 Elisabeth
434 2172 552 2234 donata
576 2184 607 2233 et
633 2171 707 2232 data
740 2190 776 2232 ac
810 2171 925 2253 partim
958 2171 1087 2233 vendita
1120 2171 1231 2250 extitit,
1262 2184 1357 2254 prout
1385 2170 1445 2232 hoc
1470 2171 1502 2231 in

237 2282 309 2344 aliis
344 2279 456 2343 litteris
490 2278 606 2340 nostris
636 2276 860 2339 fassionalibus
890 2278 1005 2338 clarius
1035 2278 1226 2340 continetur.
1259 2279 1383 2339 Tamen
1417 2277 1503 2338 idem

240 2388 391 2469 magister
415 2384 584 2446 Ladislaus
619 2383 803 2445 desiderans
833 2402 956 2465 pacem,
987 2384 1100 2445 volens
1131 2385 1285 2465 inponere
1313 2382 1410 2444 finem
1440 2383 1504 2444 litis

239 2493 396 2556 benevole
418 2491 588 2569 consensit,
613 2504 647 2551 ut
672 2489 787 2551 domus
812 2489 868 2550 illa
892 2509 948 2571 per
972 2491 1091 2571 probos
1115 2503 1146 2551 et
1170 2488 1304 2551 idoneos
1335 2490 1420 2551 viros
1447 2508 1504 2570 per

239 2616 408 2681 utramque
432 2610 555 2680 partem
579 2597 696 2657 electos
720 2596 894 2674 estimetur,
917 2609 947 2656 et
970 2595 1100 2658 tandem
1125 2596 1215 2657 valor
1238 2595 1414 2657 secundum
1431 2594 1503 2655 esti·

240 2707 421 2768 macionem
446 2704 479 2765 in
514 2715 623 2785 parata
656 2701 792 2783 pecunia
825 2700 930 2763 eidem
963 2702 1152 2783 deponatur,
1184 2721 1243 2784 pro
1274 2721 1337 2782 qua
1369 2701 1504 2783 pecunia

241 2814 326 2876 idem
351 2811 501 2892 magister
524 2808 692 2870 Ladislaus
716 2808 747 2869 in
772 2808 837 2870 alio
861 2809 934 2869 loco
959 2807 998 2870 de
1023 2826 1108 2868 novo
1140 2821 1323 2869 construere
1354 2820 1385 2891 et
1415 2806 1504 2868 edifi-

240 2939 311 2982 care
335 2918 386 2980 vel
410 2917 507 2981 aliam
532 2933 637 2976 emere
662 2914 702 2975 ad
726 2912 881 2996 prefatam
906 2933 992 2975 aram
1016 2915 1115 2976 sancti
1141 2914 1278 2975 Emerici
1303 2927 1447 2995 paratum
1472 2933 1504 2974 se

240 3026 404 3090 offerebat.
429 3021 531 3085 Cuius
554 3021 796 3102 responsionem
821 3033 974 3101 tanquam
1006 3020 1195 3101 legittimam
1220 3033 1251 3081 et
1281 3020 1504 3081 rationabilem

242 3131 429 3199 admisimus
453 3142 484 3190 et
507 3127 708 3189 decrevimus
732 3127 772 3188 ad
796 3127 1009 3188 estimandam
1034 3125 1189 3208 prefatam
1223 3126 1357 3188 domum
1389 3138 1419 3186 et
1452 3144 1505 3186 cu-

243 3240 334 3317 riam,
358 3236 502 3319 partibus
538 3234 828 3295 consencientibus.
866 3233 1015 3294 Tandem
1051 3233 1241 3294 adveniente
1265 3232 1402 3293 termino
1430 3232 1505 3292 certi

244 3347 329 3407 cives
353 3343 471 3403 montis
495 3339 665 3402 Grecensis
689 3353 719 3402 et
743 3339 782 3401 de
807 3338 928 3422 prefata
961 3340 1159 3423 prepositura
1186 3359 1222 3399 ac
1254 3339 1355 3399 eciam
1386 3338 1425 3399 de
1458 3358 1506 3399 ca·

242 3451 345 3534 pitulo
370 3448 570 3531 carpentarii,
594 3460 772 3508 muratores
795 3460 826 3508 et
850 3447 903 3508 alii
929 3447 1021 3527 probi
1039 3446 1097 3506 viri
1127 3444 1166 3505 de
1183 3445 1326 3526 parcium
1343 3444 1507 3505 voluntate

243 3557 346 3634 electi,
371 3555 516 3616 unanimi
540 3568 617 3615 voto
641 3566 672 3613 et
695 3553 896 3614 concorditer
920 3553 1106 3630 retulerunt,
1132 3550 1298 3632 quomodo
1331 3551 1388 3631 ipsi
1412 3562 1507 3631 prout

242 3663 288 3724 eis
311 3662 416 3723 visum
439 3659 552 3736 fuerat,
569 3659 624 3719 ubi
648 3658 854 3719 estimacione
878 3671 908 3717 et
932 3658 1044 3718 leviori
1067 3669 1261 3737 computata,
1279 3656 1507 3717 estimaverunt

245 3767 361 3829 dictam
387 3765 520 3826 domum
544 3784 618 3825 cum
642 3764 729 3824 curia
753 3762 793 3823 ad
818 3775 945 3823 centum
971 3776 1002 3824 et
1028 3763 1190 3843 sexaginta
1222 3761 1360 3822 florenos
1384 3761 1506 3822 habun-

198 3938 200 3944 Α
245 3872 428 3933 dantissime
452 3870 635 3952 prevalere;
660 3868 734 3929 ideo
758 3886 816 3928 nos
840 3868 1055 3949 capitulariter
1079 3881 1109 3929 et
1132 3867 1322 3948 judicialiter
1346 3867 1507 3928 commisi·

245 3997 316 4038 mus
339 3975 462 4057 prefato
487 3974 652 4035 Demetrio
676 3973 838 4054 preposito
863 3992 969 4034 coram
995 3974 1087 4035 nobis
1111 3973 1319 4054 personaliter
1343 3973 1456 4033 astanti
1474 3986 1508 4034 ut

246 4081 487 4163 quintodecimo
511 4078 563 4139 die
597 4078 714 4138 dictam
747 4096 928 4159 sumpmam
959 4079 1093 4160 pecunie
1125 4093 1251 4140 centum
1285 4092 1316 4139 et
1345 4078 1508 4158 sexaginta

246 4188 386 4249 florenos
410 4187 442 4247 in
467 4200 576 4267 parata
600 4185 737 4266 pecunia
770 4203 878 4246 coram
902 4185 996 4246 nobis
1026 4184 1149 4267 prefato
1185 4185 1320 4265 magisto
1356 4183 1507 4245 Ladislao

246 4293 418 4374 deponere,
442 4304 497 4353 aut
520 4291 657 4352 similem
683 4290 817 4351 domum
842 4292 874 4351 in
899 4292 971 4352 loco
996 4292 1049 4352 ubi
1067 4292 1217 4372 magister
1233 4290 1400 4351 Ladislaus
1416 4289 1507 4351 volu·

248 4400 306 4460 erit
328 4396 476 4460 edificare
501 4396 626 4475 debeat,
662 4396 807 4477 alioquin
840 4397 944 4478 ipsum
977 4399 1165 4478 magistrum
1198 4395 1381 4457 Ladislaum
1413 4396 1507 4456 relin-

247 4521 384 4585 quemus
407 4503 439 4563 in
464 4501 594 4584 pacifica
618 4502 819 4584 possessione
850 4516 881 4564 et
913 4502 1036 4564 futuros
1067 4502 1223 4563 altaristas
1254 4501 1285 4561 in
1318 4515 1507 4582 perpetuum

248 4607 485 4690 possidendam.
510 4608 585 4681 Quo
617 4608 754 4670 termino
785 4609 1028 4689 quintodecimo
1052 4607 1201 4668 videlicet
1224 4604 1275 4666 die
1306 4604 1508 4684 adveniente,

249 4712 368 4773 nedum
393 4714 425 4774 in
449 4714 565 4776 eodem
589 4715 644 4776 sed
668 4734 726 4776 nec
750 4735 851 4796 usque
875 4717 907 4776 in
932 4713 1166 4796 presenciarum
1192 4709 1333 4793 prefatus
1357 4709 1509 4772 dominus

250 4817 432 4880 Demetrius
455 4820 635 4902 prepositus
659 4820 760 4903 ipsam
784 4837 966 4902 sumpmam
990 4817 1125 4900 pecunie
1157 4816 1317 4898 deponere
1340 4829 1396 4877 aut
1419 4815 1508 4878 edifi-
