3472 5242
224 331 282 392 108
644 334 718 393 Doc.
744 349 800 414 94.
830 368 872 377 -
896 335 951 395 An.
976 346 1060 410 1511.

216 559 390 643 pecredens
420 561 517 624 testis.
547 562 624 623 Item
657 560 794 623 Mathias
824 559 863 621 de
895 560 1057 640 Kamaria,
1080 560 1202 642 juratus
1225 576 1256 623 et
1279 563 1480 624 examinatus

216 664 317 728 fassus
341 681 387 729 est
410 668 490 729 scitu
513 668 595 729 sicut
618 667 802 729 Anthonius
825 665 968 729 Tharlro.
993 667 1070 727 Item
1091 667 1252 729 Johannes
1273 669 1480 751 Sampwsych

216 772 256 833 de
281 773 566 856 Thopplychycza,
583 772 703 854 juratus
725 785 756 834 et
773 773 981 850 examinatus,
1002 769 1102 834 lassus
1125 788 1172 835 est
1191 787 1226 835 ut
1241 774 1363 856 primus
1382 775 1480 836 testis.

216 879 292 940 Item
326 878 487 940 Johannes
514 878 665 961 Thompa
689 878 728 940 de
754 878 923 956 Harzowa,
944 878 1065 958 juratus
1090 893 1121 940 et
1144 880 1352 960 examinatus,
1377 880 1477 943 lassus

216 997 261 1045 est
285 984 366 1046 scitu
390 996 424 1045 ut
450 985 572 1066 primus
595 985 690 1047 testis.
717 985 795 1045 ltem
822 982 984 1044 Johannes
1008 984 1131 1045 Kasnar
1154 983 1285 1064 juratus,
1309 983 1411 1047 fassus
1435 999 1481 1047 est

216 1103 251 1151 ut
273 1090 395 1171 primus
418 1091 516 1151 testis.
540 1091 618 1151 Item
643 1089 835 1151 Benedictus
859 1089 996 1170 Erdewg
1020 1089 1060 1151 de
1082 1091 1287 1172 Wragowcz,
1308 1090 1429 1172 juratus
1450 1104 1481 1153 et

216 1196 424 1274 examinatus,
447 1194 547 1257 fassus
580 1209 626 1257 est
657 1215 713 1277 per
744 1195 853 1256 omnia
883 1209 918 1256 ut
941 1196 1063 1276 primus
1085 1197 1182 1258 testis.
1205 1197 1293 1276 ltem,
1319 1198 1480 1259 Barnabas

215 1302 372 1383 plebanus
395 1301 435 1362 de
463 1303 622 1364 Rolronok
646 1302 686 1363 ad
710 1302 882 1384 puritatem
906 1302 1105 1364 consciencie
1128 1322 1184 1363 sue
1208 1300 1308 1363 fassus
1332 1316 1379 1364 est
1399 1303 1480 1364 scitu

215 1421 250 1470 ut
272 1408 395 1490 primus
417 1409 515 1470 testis.
540 1409 617 1470 ltem
643 1407 778 1469 Mathias
803 1408 893 1489 lspan
918 1407 958 1469 de
979 1408 1166 1490 Prasnycza‚
1184 1408 1321 1470 Michael
1344 1408 1478 1491 Balsych

216 1513 256 1574 de
287 1513 477 1596 chhowcz,
509 1513 676 1576 Ladislaus
708 1513 917 1595 owychyak
953 1513 992 1574 de
1026 1513 1241 1596 Mylethyncz,
1274 1513 1409 1576 Mathias
1440 1513 1479 1575 de

217 1619 370 1702 Sydyeuo
393 1619 486 1701 jurati
511 1640 547 1682 ac
572 1639 713 1681 seorsum
740 1633 771 1680 et
793 1618 980 1701 singillatim
1005 1620 1186 1698 examinati,
1208 1618 1280 1681 fassi
1304 1634 1377 1681 sunt
1400 1620 1480 1681 scitu

215 1744 273 1807 per
297 1726 406 1787 omnia
428 1738 462 1786 ut
485 1726 608 1807 primus
631 1726 729 1787 testis.
752 1726 830 1785 ltem
847 1724 1009 1786 Johannes
1026 1724 1190 1807 Orgowan
1212 1725 1251 1787 de
1275 1725 1479 1808 Mylethyncz

215 1831 335 1911 juratus
366 1845 396 1893 et
428 1831 636 1910 examinatus,
661 1829 762 1892 fassus
795 1844 841 1891 est
873 1844 908 1891 ut
940 1831 1061 1912 primus
1092 1831 1190 1909 testis,
1215 1830 1339 1893 addidit
1366 1831 1478 1910 eciam,

215 1938 303 2019 quod
335 1937 419 1998 cives
451 1957 576 2018 semper
609 1936 883 1998 contradixissent.
909 1937 987 1998 ltem
1018 1936 1179 1998 Johannes
1203 1936 1243 1998 de
1267 1936 1479 2016 Fodorowcz‚

214 2042 310 2124 judex
335 2043 492 2104 nobilium
517 2043 686 2104 comitatus
711 2041 941 2121 warasdiensis,
958 2041 1079 2122 juratus
1104 2056 1134 2104 et
1152 2044 1361 2122 examinatus,
1378 2042 1480 2105 fassus

211 2129 261 2210 est
283 2149 364 2210 scitu
387 2162 422 2209 ut
446 2149 568 2229 primus
590 2149 688 2210 testis.
713 2149 791 2209 ltem
815 2146 974 2229 Georgius
997 2149 1112 2209 Kerser
1135 2147 1176 2209 de
1199 2150 1338 2210 Prezelra
1360 2149 1479 2210 nobilis

214 2254 373 2316 crisiensis
405 2267 435 2315 et
457 2254 677 2316 warasdiensis
700 2254 921 2333 comitatuum,
945 2253 1066 2334 juratus
1089 2268 1120 2315 et
1145 2254 1354 2333 examinatus,
1378 2253 1479 2316 lassus

215 2374 261 2422 est
291 2361 382 2439 scitu,
407 2360 495 2440 quod
527 2361 560 2421 in
590 2379 663 2422 area
694 2359 861 2442 capitulari
892 2378 1018 2441 semper
1050 2372 1221 2421 tenuerunt
1244 2374 1275 2421 et
1299 2360 1479 2422 habuerunt

215 2465 340 2528 bolthas
372 2479 402 2527 et
428 2467 623 2528 mercancias
654 2480 685 2527 et
717 2464 822 2527 forum
854 2465 1093 2546 quottidianum
1122 2465 1270 2527 liberum.
1295 2467 1372 2527 ltem
1396 2466 1477 2526 Leo-

214 2571 333 2633 nardus
362 2571 402 2634 de
426 2571 584 2633 thodol
616 2572 734 2633 nobilis
766 2571 988 2633 warasdiensis
1020 2584 1050 2632 et
1081 2571 1239 2633 crisiensis
1267 2572 1477 2633 comitatuum

1515 1187 1523 1215 t

214 2677 335 2758 juratus
358 2692 389 2739 et
412 2679 611 2740 examinatus
635 2677 735 2739 lassus
759 2690 863 2739 estut
887 2675 1047 2757 Georgius
1075 2678 1199 2756 Kerser,
1223 2679 1310 2740 testis
1334 2677 1478 2759 proxime
1519 2757 1520 2760 Ἴ

214 2782 397 2864 precedens.
418 2785 497 2846 ltem
514 2783 676 2844 Johannes
693 2782 732 2844 de
749 2782 963 2864 Chezmycze,
979 2781 1099 2862 juratus
1117 2796 1148 2844 et
1164 2783 1361 2844 examinatus
1378 2782 1478 2844 fassus

215 2901 260 2950 est
283 2889 363 2950 scitu
388 2910 444 2972 per
467 2890 577 2952 omnia
601 2903 635 2950 ut
660 2888 820 2969 Georgius
837 2889 962 2950 Kerser.
983 2923 1017 2932 -
1040 2888 1247 2969 Quaquidem
1265 2888 1477 2970 inquisicione

214 3008 245 3056 et
276 2996 482 3057 attestacione
517 2995 676 3057 dictorum
709 2994 868 3056 nobilium
905 2993 1085 3055 vicinorum
1120 3007 1477 3075 etcommetaneorum
1506 3067 1509 3071 ‚

214 3121 272 3163 nec
303 3121 369 3163 non
400 3102 559 3164 nobilium
591 3101 911 3183 comprovincialium
943 3099 1102 3161 dictorum
1125 3097 1345 3186 :comitatuum
1369 3120 1477 3181 zagra·

215 3207 342 3284 biensis,
366 3208 523 3269 crisiensis
556 3222 586 3268 et
620 3206 840 3270 warasdiensis
874 3225 932 3288 pro
963 3221 1051 3288 parte
1083 3206 1159 3268 dicti
1191 3206 1321 3288 capituli
1345 3206 1477 3268 ecclesie

214 3312 428 3394 zagrabiensis
451 3313 491 3374 de
515 3315 670 3396 premisso
694 3313 846 3375 mandato
870 3326 973 3373 vestre
999 3313 1172 3378 Maiestatis
1196 3332 1251 3394 per
1273 3330 1332 3373 nos
1348 3325 1476 3394 accepta

215 3433 245 3479 11
268 3418 387 3502 habita,
409 3431 509 3481 totam
533 3420 648 3480 seriem
681 3419 780 3500 ipsius
803 3431 910 3479 nostre
941 3417 1142 3478 execucionis
1166 3418 1197 3478 in
1221 3417 1334 3478 litteris
1362 3417 1478 3478 nostris

213 3524 326 3605 sigillis
357 3525 471 3585 nostris
504 3525 668 3587 usualibus
699 3537 730 3586 et
761 3523 918 3585 consvetis
946 3541 1077 3584 aecum
1100 3523 1337 3604 subscripcione
1363 3541 1477 3584 manus

214 3647 285 3689 11111
318 3629 439 3690 11111111
473 3630 614 3711 magistri
649 3629 808 3690 Francisci
844 3627 984 3688 munitas
1015 3640 1116 3688 vestre
1151 3627 1307 3689 Maiestati
1341 3627 1477 3689 fideliter

214 3733 363 3794 duximus
394 3734 622 3797 rescribendas.
655 3735 774 3796 Datum
806 3733 902 3795 Crisii
934 3732 1074 3814 predicta
1105 3734 1204 3795 tercio
1229 3733 1281 3794 die
1305 3733 1380 3795 dicti
1406 3732 1474 3793 11111

214 3840 298 3900 beati
331 3839 413 3920 regis
439 3840 603 3922 Stephani.
634 3844 730 3901 Anno
764 3838 888 3900 domini
922 3837 1095 3899 millesimo
1127 3839 1385 3919 quingentesimo
1417 3858 1475 3899 un·

215 3944 352 4007 decimo,

320 4084 340 4134 E
365 4098 467 4136 coaevo
492 4090 657 4149 transumpto
677 4085 815 4136 wladislai
842 4085 923 4150 regls.
943 4085 970 4136 ln
990 4085 1086 4140 archiv.
1106 4098 1165 4136 ven.
1186 4083 1272 4150 Capit
1291 4085 1397 4150 zagrab.
1416 4081 1473 4135 Act

216 4172 278 4236 Cap.
297 4178 349 4227 ant.
369 4173 432 4230 1111,
454 4174 494 4230 10,
514 4187 550 4225 nr.
572 4173 613 4230 72.
