3472 5242
258 346 298 430 36
693 348 767 408 Doc.
786 360 839 425 37.
858 383 895 392 -
921 350 976 409 An.
993 360 1082 424 1505.

815 455 824 460 ,
835 454 1089 460 ——.-—-—
1099 450 1516 459 -—„-.—.——-——.—-——

259 455 435 462 -—-——..
451 456 484 461 -.
499 455 610 461 -.—„

256 590 362 638 nostre
395 577 674 658 Montisgrecensis
705 575 744 637 ad
777 576 976 637 solucionem
1006 575 1222 656 predictorum
1245 575 1439 636 tributorum
1462 593 1517 634 seu

255 681 480 744 theloneorum
505 695 681 744 vestrorum
698 695 807 743 contra
824 680 961 742 formam
978 681 1128 762 premisse
1152 681 1293 762 ipsorum
1315 679 1469 740 libertatis
1489 692 1520 740 et

255 788 472 870 exempcionis
496 801 597 850 artare
622 802 654 850 et
676 787 869 869 compellere
893 801 948 848 aut
969 806 1024 848 eos
1040 787 1090 848 vel
1108 786 1250 868 ipsorum
1267 786 1402 848 alterum
1424 804 1519 867 prop·

254 907 340 957 terea
371 895 405 955 in
428 895 583 976 personis,
600 895 759 974 rebusque
783 906 838 954 aut
860 893 1026 974 quibusvis
1047 893 1139 954 bonis
1156 892 1332 954 eorundem
1352 890 1518 973 impedire,

254 1001 382 1061 turbare
406 999 457 1060 vel
481 998 715 1081 quoquomodo
740 997 966 1081 dampnificare
990 1019 1149 1079 nusquam
1172 1012 1203 1060 et
1223 1016 1428 1078 nequaquam
1448 1015 1518 1077 pre-

254 1105 421 1167 summatis
443 1125 500 1166 nec
524 1104 591 1165 sitis
607 1105 675 1165 ausi
692 1104 791 1165 modo
807 1103 950 1184 aliquali,
967 1105 1120 1186 quoniam
1137 1104 1282 1187 alioquin
1299 1102 1518 1164 commisimus

255 1225 285 1273 et
309 1212 509 1293 presentibus
532 1210 655 1272 firmius
675 1210 864 1271 mandamus
883 1210 1033 1272 fidelibus
1054 1211 1169 1273 nostris
1186 1211 1276 1273 banis
1288 1210 1339 1272 vel
1356 1207 1517 1270 vicebanis

254 1317 430 1379 eorundem
453 1337 623 1399 regnorum
642 1330 823 1378 nostrorum
840 1317 1009 1378 Sclavonie
1027 1331 1057 1379 et
1074 1318 1207 1379 Croacie
1224 1337 1260 1378 ac
1279 1315 1450 1376 comitibus
1465 1313 1517 1374 vel

254 1423 496 1485 vicecomitibus
526 1436 557 1485 et
588 1422 747 1484 iudicibus
777 1422 935 1484 nobilium
968 1443 1247 1506 quorumcumque
1271 1421 1516 1484 commitatuum

252 1528 430 1590 eorundem
454 1542 485 1591 et
507 1529 637 1611 pretacti
661 1528 749 1610 regni
773 1528 872 1590 nostri
898 1531 1073 1613 Hungarie,
1090 1531 1298 1612 parciumque
1314 1527 1374 1588 sibi
1393 1525 1515 1586 subiec-

253 1648 357 1696 tarum
381 1635 413 1696 in
438 1636 555 1717 quibus
572 1635 693 1697 scilicet
708 1635 803 1697 huius
819 1636 960 1698 mandati
978 1637 1077 1698 nostri
1094 1655 1150 1718 per
1167 1634 1353 1715 quempiam
1369 1651 1406 1693 err
1424 1630 1515 1691 vobis

251 1741 446 1801 contrarium
462 1753 679 1818 attentaretur,
695 1753 729 1802 ut
753 1741 812 1824 ipsi
837 1743 968 1804 eosdem
993 1744 1077 1804 cives
1093 1756 1124 1802 et
1140 1739 1261 1802 incolas
1278 1739 1361 1799 dicte
1379 1735 1514 1798 civitatis

252 1860 358 1907 nostre
383 1847 663 1928 Montisgrecensis
686 1847 719 1907 in
742 1846 928 1910 huiusmodi
952 1868 1064 1910 eorum
1092 1849 1237 1909 libertate
1261 1845 1380 1925 ubique
1405 1855 1514 1904 contra

252 1970 364 2012 omnes
400 1970 512 2013 eorum
548 1952 744 2034 impetitores
780 1967 957 2036 protegere,
996 1969 1084 2017 tuere
1121 1968 1151 2015 ct
1186 1970 1374 2014 conservare
1409 1946 1515 2009 modis

251 2057 402 2118 omnibus
426 2057 563 2119 debeant
587 2072 618 2120 et
641 2073 817 2139 teneantur,
834 2063 1020 2123 auctoritate
1044 2076 1149 2122 nostra
1168 2059 1368 2143 presentibus
1386 2055 1461 2138 ipsis
1481 2054 1513 2114 in

250 2161 308 2224 hac
326 2177 413 2244 parte
432 2182 580 2225 concessa
598 2176 628 2225 et
645 2163 768 2226 iusticia
785 2166 956 2229 mediante.
973 2167 1072 2229 Aliud
1089 2187 1154 2228 non
1170 2165 1293 2226 facturi.
1310 2160 1514 2223 Presentibus

250 2268 407 2349 perlectis,
424 2268 586 2331 exhibenti
610 2271 769 2334 restitutis.
795 2271 913 2333 Datum
938 2272 1027 2333 Bude
1052 2274 1084 2334 in
1102 2272 1263 2334 dominica
1284 2269 1385 2343 Quasi
1402 2269 1514 2329 modo.

250 2376 346 2434 Anno
371 2373 493 2435 domini
519 2374 691 2436 millesimo
712 2378 970 2460 quingentesimo
984 2379 1108 2459 quinto.
1127 2379 1313 2460 Regnorum
1330 2390 1512 2438 nostrorum

252 2477 415 2559 Hungarie
441 2492 499 2541 etc.
523 2500 608 2541 anno
632 2480 759 2544 decimo
783 2484 907 2564 quinto,
926 2483 1079 2545 bohemie
1104 2503 1180 2545 vero
1202 2484 1363 2545 tricesimo
1387 2483 1511 2564 quintu.

356 2599 495 2665 originale
524 2603 549 2653 in
574 2605 733 2655 membrana.
752 2603 900 2669 Vestigium
919 2606 1000 2670 sigilli
1020 2607 1129 2658 maioris
1150 2613 1269 2671 apparet.
1288 2607 1315 2657 ln
1335 2607 1431 2659 archiv.
1451 2607 1502 2658 incl

250 2687 348 2738 Accad.
370 2685 467 2740 Scient.
488 2688 590 2742 Slavor.
611 2692 703 2743 merid.

853 2924 912 2991 37.

352 3060 525 3123 Ann01505,
545 3062 586 3113 30.
605 3061 699 3112 martii.
720 3062 816 3114 Budae.

248 3182 276 3238 A
309 3182 458 3242 Vladzslao
487 3187 644 3259 Hungarie
675 3196 725 3247 etc.
757 3207 822 3262 rege
851 3192 1042 3249 communitas
1073 3193 1197 3250 civitatis
1228 3195 1330 3279 montis
1360 3194 1510 3252 Greccnsis

247 3289 361 3361 eiusque
392 3291 465 3348 ciues
495 3294 527 3350 in
557 3295 691 3351 suburbio
722 3313 742 3350 a
766 3297 957 3369 proventibus
988 3298 1243 3369 mardurinale'bus,
1277 3302 1404 3358 omnibus
1428 3301 1510 3361 taxis

443 3399 698 3473 contributionequc
720 3402 960 3459 extraordinaria
982 3404 1123 3462 solvendis
1146 3405 1313 3462 liberantur.

931 3541 1090 3594 commissio
1109 3544 1219 3607 propria
1238 3545 1336 3595 domini
1356 3546 1437 3610 regis.

353 3657 419 3718 Nos
453 3660 650 3723 Wladislaus
686 3662 736 3723 dei
773 3665 877 3744 gracia
910 3686 961 3726 rex
999 3667 1163 3748 Hungarie
1199 3684 1230 3730 et
1260 3670 1415 3732 Bohemie
1448 3684 1507 3732 etc.

247 3761 402 3823 Memorie
441 3766 705 3829 commendamus
742 3782 852 3830 tenore
891 3774 1090 3853 presencium
1130 3775 1344 3856 significantes
1390 3778 1507 3859 quibus

246 3866 374 3948 expedit
396 3870 561 3933 universis.
587 3873 685 3945 Quod
706 3894 764 3956 pro
784 3889 871 3956 parte
896 3891 927 3938 et
951 3878 982 3937 in
1004 3881 1147 3959 personis
1163 3880 1309 3945 fidelium
1324 3896 1507 3945 nostrorum

245 3971 547 4055 circumspectorum
570 3976 685 4058 judicis
708 3993 738 4041 et
762 3979 949 4061 juratorum,
967 3995 1209 4067 ceterorumque
1226 3989 1344 4050 civium
1366 4005 1397 4052 et
1417 3992 1507 4052 inha-

245 4076 417 4139 bitatorum
450 4099 486 4141 ac
516 4083 620 4143 tocius
654 4086 893 4147 communitatis
924 4088 1058 4150 civitatis
1089 4105 1195 4152 nostre
1227 4093 1506 4176 Montisgrecensis

245 4181 383 4244 exhibite
408 4198 482 4247 sunt
503 4188 597 4248 nobis
618 4202 649 4250 et
672 4205 850 4271 presentate
868 4192 1008 4273 quedam
1025 4195 1127 4257 littere
1145 4199 1336 4260 serenissimi
1353 4201 1506 4284 principis

244 4287 381 4349 condam
416 4288 538 4352 domini
572 4293 691 4355 Mathis
717 4297 809 4378 regis,
834 4297 935 4360 felicis
961 4302 1116 4362 memorie
1140 4303 1372 4385 predecessoris
1395 4310 1505 4387 nostri,

243 4393 484 4476 privilegialiter
506 4397 660 4479 confecte,
677 4402 795 4483 quibus
817 4405 1033 4468 mediantibus
1057 4409 1135 4470 alias
1159 4411 1225 4492 ipse
1249 4413 1341 4474 certis
1365 4414 1458 4475 bonis
1475 4430 1505 4477 et

243 4498 490 4562 racionabilibus
507 4522 544 4563 ex
561 4505 672 4583 causis,
690 4507 722 4567 in
741 4508 854 4571 litteris
871 4512 991 4574 eisdem
1008 4514 1123 4575 clarius
1140 4519 1304 4598 expressis,
1318 4521 1403 4602 ipsos
1419 4521 1504 4582 cives

243 4614 274 4661 et
296 4615 397 4666 totam
420 4609 683 4673 communitatem
707 4613 763 4675 sed
787 4630 818 4675 et
841 4596 962 4678 incolas
987 4619 1020 4680 in
1037 4621 1191 4683 suburbio
1207 4623 1352 4686 eiusdem
1369 4626 1503 4688 civitatis

242 4724 478 4775 commorantes
511 4734 529 4776 a
564 4716 730 4780 solucione
763 4733 829 4782 tam
869 4737 1084 4804 proventuum
1123 4726 1388 4792 mardurinalium
1426 4731 1502 4794 fisco

241 4813 331 4894 regio
354 4819 524 4898 provenire
547 4820 740 4884 debencium
764 4846 861 4907 quam
885 4828 987 4890 eciam
1011 4830 1158 4893 omnium
1175 4846 1318 4896 taxarum
1340 4847 1371 4897 et
1386 4839 1503 4901 contri·
