3472 5242
678 362 748 420 Duc.
760 372 791 434 5.
821 395 855 402 -
883 362 938 417 Ara.
962 374 1052 434 1500.

231 585 296 636 libet
322 585 445 650 defuncti,
465 592 527 649 agat
554 586 791 637 reverendissimus
821 587 941 637 dorninus
970 592 1062 639 noster
1087 587 1312 654 generosissimus
1342 605 1390 655 pro
1419 591 1496 642 bonis

230 675 376 725 ecclessiae
395 689 459 725 suae
479 675 597 739 (huiusi)
611 675 742 725 violenter
762 674 901 726 abstractis
915 677 956 740 (ut
976 691 1024 740 par
1037 681 1077 727 est
1088 682 1114 727 et
1128 677 1230 742 debet),
1245 684 1336 729 contra
1351 679 1494 731 haeredem

232 767 258 813 et
277 763 383 814 indubie
408 764 448 813 ius
468 764 519 814 sihi
540 778 590 814 nou
616 764 797 828 abnegabitur.
817 762 945 816 Poterunt
966 770 1052 815 autem
1072 765 1277 816 Dominaciones
1297 772 1403 818 vestrae
1423 782 1496 818 reve·

232 853 328 902 rendae
348 852 373 902 in
392 852 432 902 his
452 853 573 902 omnihus
588 857 669 902 testes
684 867 744 902 esse
759 852 850 903 fideles
864 853 936 903 iuxta
949 857 1068 904 tenorem
1082 854 1289 918 protestacionis
1303 857 1496 920 praescriptae,

231 954 282 990 non
302 944 374 991 esset
393 947 533 1004 praeterea
553 942 584 990 ab
605 956 641 1003 re,
656 941 677 990 si
699 942 788 992 eedem
808 941 961 1004 exciperent
981 956 1012 990 ex
1033 942 1151 1005 capitulo
1171 941 1221 993 boc
1242 950 1333 994 nostro
1348 944 1496 1008 exemplum

232 1028 383 1079 testamenti
404 1029 459 1079 sive
480 1029 612 1092 privilegii
633 1029 778 1079 confirmati
799 1044 879 1093 super
898 1030 975 1079 honis
1000 1028 1183 1081 haereditariis
1204 1030 1247 1080 isti
1270 1031 1387 1095 capitulo
1407 1046 1497 1096 zagra·

232 1116 316 1167 hiensi
343 1131 391 1180 per
410 1115 658 1168 reverendissimum
683 1118 745 1167 olim
771 1118 930 1169 cardinalem
956 1118 1063 1182 legatis,
1083 1120 1143 1170 dum
1170 1119 1231 1169 vivo
1252 1119 1355 1170 facilius
1383 1119 1408 1170 id
1429 1120 1498 1171 factu

233 1210 314 1269 esset,
335 1220 375 1255 me
396 1207 517 1268 decesso,
538 1206 607 1255 sorte
627 1204 769 1258 difficilius.
782 1204 915 1256 Zamahor
938 1220 1043 1270 quoque
1064 1212 1090 1256 et
1110 1205 1219 1257 Kemlelr
1239 1207 1322 1257 maius
1343 1212 1499 1271 spectarent

234 1297 275 1356 (ut
296 1293 413 1358 norunt),
434 1296 466 1344 ad
495 1294 639 1358 capitulum
660 1294 738 1354 istud,
760 1309 811 1344 non
840 1300 913 1344 esset
944 1294 1117 1344 inconsultum
1139 1299 1270 1358 repetere.
1294 1294 1499 1360 Testamentum,

234 1381 349 1433 Oswaldi
370 1397 498 1446 nunquam
519 1397 570 1448 ego
591 1382 653 1447 vidi,
672 1383 697 1432 in
725 1382 867 1446 propatulo
887 1388 973 1432 tamen
1000 1387 1050 1447 est,
1068 1397 1122 1432 rem
1143 1382 1219 1447 (flor)
1245 1381 1290 1433 llll
1310 1384 1391 1434 millia
1410 1389 1437 1435 et
1455 1384 1500 1435 Vll

233 1468 315 1520 millia
334 1485 381 1534 per
399 1485 457 1520 eum
478 1472 509 1520 ad
531 1471 655 1521 fabricam
676 1471 771 1534 legatis
793 1471 831 1520 sic
851 1476 877 1520 ut
897 1470 1015 1534 prefatus
1033 1484 1098 1533 sum,
1110 1485 1139 1520 se
1152 1471 1293 1535 (hahere);
1312 1476 1499 1522 testamentum

234 1572 298 1609 vero
318 1557 387 1608 Luce
408 1559 432 1608 in
453 1573 504 1621 quo
525 1559 556 1608 de
577 1557 632 1608 XVI
660 1557 783 1620 millibus,
804 1558 873 1608 nulla
893 1558 919 1608 m
940 1556 1048 1621 mentio,
1068 1563 1231 1609 remanserat
1258 1559 1283 1609 in
1305 1561 1425 1611 manibus
1448 1561 1499 1624 pri·

233 1659 332 1695 morum
358 1645 415 1696 eius
442 1651 640 1710 exequutorum
667 1647 835 1710 egregiorum
867 1646 990 1697 uidelicet
1016 1646 1179 1697 Baithasaris
1210 1647 1357 1712 Batthyany
1384 1649 1498 1699 senioris

234 1738 259 1782 et
285 1732 435 1798 Bernhardy
461 1736 493 1784 de
521 1734 677 1797 Thwroacz,
699 1741 724 1784 et
750 1749 807 1784 cum
832 1734 872 1784 bis
893 1733 1097 1785 Dominaciones
1125 1741 1227 1785 vestras
1248 1737 1415 1787 ‘reverendas
1442 1736 1499 1787 feli-

234 1819 339 1871 cisslme
360 1822 473 1873 innovo
495 1824 543 1873 hoc
563 1838 630 1873 anno
651 1829 678 1873 et
697 1836 804 1886 semper
823 1824 912 1873 valere
933 1822 1021 1886 cupio
1042 1820 1170 1886 Strigonii
1190 1824 1230 1874 26,
1250 1823 1363 1888 januarii
1386 1824 1464 1874 1540,

339 1908 552 1961 Dominationum
571 1911 724 1961 Vestrarum

720 1999 836 2049 servitor
853 1999 979 2062 Andreas,
999 2000 1100 2062 doctor,
1121 2000 1274 2066 prepositus
1295 1998 1498 2063 Strigoniensis.

340 2105 381 2168 (P.
402 2104 442 2169 S.)
472 2107 611 2156 t'aeterurn
631 2106 704 2156 litem
724 2105 802 2156 aliam
822 2105 919 2155 nullam
939 2120 991 2170 ego
1011 2120 1091 2169 super
1111 2107 1189 2155 rebus
1209 2103 1381 2169 praescriptis
1401 2111 1499 2157 motam

236 2193 348 2257 cuipiam
370 2195 435 2258 scio,
459 2202 653 2258 preterquam,
681 2197 751 2260 quod
778 2195 841 2244 olim
867 2195 964 2246 domini
990 2194 1157 2258 capitulares,
1186 2187 1278 2244 nescio
1304 2207 1356 2257 quo
1377 2194 1500 2258 consilio,

235 2284 440 2345 praetendentes
466 2297 514 2346 per
539 2296 579 2332 me
605 2282 730 2346 pecunias
756 2297 804 2346 per
829 2283 987 2332 cardinalem
1013 2282 1115 2332 ablatas
1141 2283 1173 2331 ab
1200 2281 1358 2331 haeredibus
1383 2281 1501 2332 eiusdem

235 2371 318 2433 repeti
339 2376 474 2435 oportere,
495 2377 603 2434 egerant
623 2385 722 2421 mecum
742 2369 814 2420 Bude
836 2370 946 2421 insede
967 2371 1056 2434 regiae
1079 2369 1225 2419 Maiestatis
1246 2375 1272 2419 et
1300 2368 1349 2419 fuit
1367 2368 1501 2419 definitum

235 2473 282 2522 per
301 2458 467 2510 Maiestatem
494 2474 575 2523 suam,
602 2464 743 2522 praesente
769 2460 876 2510 domino
902 2458 1040 2509 Drobitele
1069 2464 1094 2508 et
1120 2458 1227 2509 domino
1253 2457 1442 2522 Praschowczy
1469 2472 1499 2508 ac

234 2549 337 2599 Andrea
370 2549 471 2610 deor,
492 2550 561 2611 quod
593 2563 625 2597 ex
652 2562 704 2611 quo
733 2548 875 2610 capitulum
901 2547 1076 2612 zagrabiense
1100 2546 1199 2596 fecerat
1225 2546 1449 2609 protestacionem
1473 2547 1498 2596 in

235 2637 352 2700 capitulo
373 2637 556 2699 chasmensi‚a
575 2651 617 2688 me
637 2638 684 2686 sed
705 2651 720 2686 a
739 2636 857 2701 capitulo
877 2637 1002 2700 pecunias
1023 2637 1159 2698 ademptas
1176 2649 1223 2698 per
1236 2635 1395 2687 cardinalem
1409 2634 1501 2700 fuisse,

236 2726 305 2788 quod
327 2725 387 2789 quia
411 2724 553 2789 capitulum
581 2725 687 2776 volebat
708 2740 722 2774 a
741 2724 820 2775 Petro
842 2724 967 2787 Erdeudy
986 2729 1110 2787 tanquam
1136 2723 1250 2772 haerede
1271 2721 1422 2786 cardinalis,
1442 2722 1501 2773 illas

235 2813 380 2876 requirere,
394 2815 490 2864 nullam
512 2815 544 2863 ad
564 2815 628 2863 haec
648 2810 790 2876 capitulum
810 2814 948 2863 adversum
967 2827 1009 2863 me
1035 2811 1142 2861 babebit
1162 2811 1301 2877 actionem,
1320 2813 1368 2861 sed
1393 2811 1503 2861 deberet

235 2899 308 2952 iuxta
328 2903 551 2966 protestacionem
572 2918 652 2966 agere
672 2902 816 2964 capitulum
835 2916 892 2952 cum
912 2902 1015 2966 prelato
1036 2907 1127 2951 contra
1145 2900 1285 2949 haeredem
1306 2899 1410 2950 Petrum
1429 2899 1501 2950 vide·

236 2990 298 3040 licet
318 2990 451 3054 Erdeudy.

341 3082 399 3129 Act.
420 3079 482 3142 Cap.
503 3083 554 3129 ant.
574 3078 637 3130 fasc.
660 3078 716 3129 101.
738 3093 774 3130 nr.
795 3079 836 3129 20.

864 3309 897 3372 5.

342 3433 415 3483 Anno
437 3434 513 3497 1500,
533 3436 557 3486 2.
574 3432 650 3500 junii.
672 3433 768 3483 Budae.

236 3541 341 3615 Lucas,
366 3544 509 3615 episcopus
540 3544 744 3615 aogrobr'eusis,
768 3542 895 3618 capitulo
925 3540 1109 3613 zagrabr'ensi
1134 3539 1262 3612 attondat,
1287 3547 1321 3595 ut
1343 3539 1502 3596 Antonium

235 3649 269 3704 de
292 3649 424 3717 Arrdreis,
455 3652 533 3727 regis
563 3652 752 3722 capellanum,
781 3650 915 3706 rirstituol
934 3647 1132 3720 praepositum
1163 3646 1295 3703 ecclesiae
1324 3644 1499 3701 cathedralis

767 3754 970 3828 aagrabiensis.

345 3877 552 3938 Venerabiles
572 3876 681 3938 fratres
699 3877 809 3955 nostri,
826 3877 972 3937 salutem.
991 3875 1148 3947 Qttamvis
1173 3874 1243 3935 aliis
1261 3873 1372 3934 litteris
1389 3872 1504 3932 nostris

235 3983 336 4044 Vobis
361 3984 626 4044 mandaveramus
651 4004 690 4045 ne
715 3984 857 4063 aliquem
880 3983 989 4063 vigore
1007 3981 1111 4062 gracie
1136 3981 1308 4062 spectative
1326 3998 1382 4040 seu
1400 3978 1503 4058 quali·

237 4108 374 4169 cumque
399 4110 435 4149 ex
460 4089 686 4150 commissione
715 4087 795 4149 infra
824 4088 996 4149 adventum
1023 4099 1166 4147 nostrum
1191 4086 1231 4146 ad
1258 4084 1502 4146 chanonicatum

237 4209 291 4254 aut
315 4194 353 4254 ad
380 4215 617 4274 quamcumque
651 4195 839 4274 dignitatem
864 4193 1071 4265 instalaretis;
1096 4206 1203 4253 tamen
1232 4207 1364 4253 vacante
1388 4209 1504 4271 prepo-

236 4301 333 4360 situra
366 4301 485 4361 maiore
518 4300 660 4360 eiusdem
698 4300 829 4361 ecclesie
863 4314 968 4360 nostre
993 4298 1211 4379 zagrabiensis
1242 4297 1281 4357 ad
1307 4297 1504 4358 colacionem

237 4406 444 4466 serrenissimi
470 4406 552 4485 regis
576 4407 674 4466 nostri
700 4406 821 4466 doctori
840 4406 984 4466 Antonio
1008 4405 1047 4465 de
1072 4404 1219 4482 Andreis,
1237 4402 1403 4484 capellano
1421 4402 1503 4463 eius-

237 4512 321 4589 dem,
347 4512 378 4572 in
411 4512 610 4592 prepositura
635 4511 814 4593 supradicta
839 4531 1031 4572 consensum
1062 4510 1237 4590 benignum
1261 4508 1447 4590 prebuimus
1474 4520 1505 4568 et

236 4637 410 4678 assensum.
436 4618 544 4690 Quare
576 4636 641 4677 non
674 4617 886 4695 obstantibus,
910 4631 944 4676 ut
976 4635 1081 4697 supra,
1106 4615 1205 4675 literis
1229 4613 1272 4692 (et
1294 4612 1407 4694 eciam)
1432 4612 1504 4673 data

235 4723 471 4792 commissione,
495 4723 634 4783 eundem
658 4723 826 4783 dominum
852 4723 1031 4783 Antonium
1057 4741 1112 4781 seu
1144 4734 1381 4801 procuratorem
1411 4737 1504 4778 suum

235 4829 428 4910 legittimum
454 4829 484 4889 in
510 4829 701 4889 antedictam
725 4829 958 4911 preposituram
983 4844 1013 4889 et
1030 4827 1148 4887 realem
1166 4825 1398 4907 possessionem
1418 4824 1502 4885 eius·
