3472 5242
235 346 293 427 158
651 350 724 406 Doe.
748 362 817 422 129.
840 381 878 390 -
902 349 960 411 An.
985 345 1073 423 1516.

231 577 446 658 manibusque
481 576 571 655 meis,
597 595 705 637 coram
737 590 768 638 et
792 576 824 637 in
861 575 1024 657 presencia
1055 576 1184 637 testium
1222 575 1494 659 infrascriptorum

229 682 453 760 tradicionem,
488 681 630 764 prefatus
664 681 816 744 dominus
856 682 992 744 Michael
1027 682 1256 764 prebendarius
1291 682 1323 742 in
1358 701 1495 764 persona

228 787 332 849 tocius
365 786 493 868 collegii
532 807 588 848 seu
627 789 867 849 communitatis
905 787 1192 870 prebendariorum
1231 787 1319 848 chori
1355 787 1495 869 sepefate

229 892 361 955 ecclesie
385 893 599 974 zagrabiensis
632 895 712 976 petit
745 907 776 956 et
809 893 976 975 requisivit
1007 892 1114 954 debita
1149 913 1221 955 cum
1258 894 1411 955 instancia
1443 913 1495 955 me

230 999 390 1060 notarium
424 999 589 1081 publicum
614 1000 839 1082 subscriptum,
864 1013 899 1061 ut
922 1019 1023 1060 unum
1047 1000 1097 1083 vql
1122 1000 1224 1080 plura,
1248 1000 1414 1082 publicum
1440 1020 1496 1061 seu

228 1105 358 1187 publica
395 1103 585 1166 conficerem
620 1106 868 1168 instrumentum
896 1125 953 1167 seu
990 1105 1211 1183 instrumenta,
1247 1105 1334 1186 quod
1372 1120 1401 1167 et
1436 1104 1496 1166 feci

228 1210 336 1273 officio
359 1211 422 1272 mei
446 1210 697 1273 thabellionatus
720 1212 927 1273 incumbente
953 1224 983 1272 et
1009 1212 1174 1272 communi
1191 1210 1314 1292 justicia
1333 1211 1494 1273 svadente.

227 1319 307 1378 Acta
331 1328 404 1378 sunt
427 1316 485 1379 hec
507 1331 539 1378 et
562 1315 643 1379 facta
667 1337 764 1396 anno,
790 1317 981 1397 indiccione,
1005 1317 1068 1394 die,
1095 1337 1215 1395 mense,
1239 1316 1328 1394 hora,
1353 1317 1427 1378 loco
1464 1331 1496 1377 et

228 1421 417 1504 pontificatu
440 1422 521 1484 sicut
538 1442 642 1505 supra.
661 1422 866 1485 Presentibus
882 1423 1126 1484 honorabilibus
1150 1435 1181 1484 et
1198 1422 1340 1483 discretis
1356 1422 1496 1484 dominis

229 1527 323 1590 Petro
360 1529 400 1590 de
448 1527 641 1591 Pethrovina
678 1529 846 1611 capellano
892 1528 1148 1590 reverendissimi
1184 1529 1306 1590 domini
1342 1529 1494 1610 prepositi

229 1633 433 1714 chasmensis,
459 1635 566 1697 Elasio
590 1635 630 1696 de
665 1635 805 1718 Welylre
831 1635 998 1717 capellano
1023 1654 1058 1697 ac
1094 1635 1224 1717 egregio
1260 1633 1417 1696 Michaele
1456 1635 1495 1696 de

229 1740 417 1824 Schytaryo,
440 1761 499 1803 nec
522 1761 587 1803 non
612 1742 714 1803 nobili
750 1754 782 1803 et
816 1742 1047 1823 circumspecto
1081 1742 1203 1803 Joanne
1236 1741 1276 1802 de
1312 1741 1496 1823 Koznycza,

229 1846 393 1929 Stephano
416 1847 555 1910 litterato
579 1848 619 1910 de
643 1849 715 1910 vico
740 1848 882 1910 Abbacie
918 1849 1043 1909 notario
1068 1849 1210 1929 publico,
1235 1847 1372 1928 aliisque
1397 1867 1495 1928 quam

228 1952 374 2035 pluribus
397 1952 568 2036 fidedignis
591 1955 725 2017 testibus
757 1955 796 2016 ad
822 1955 975 2036 premissa
1009 1956 1129 2017 vocatis
1153 1969 1184 2016 et
1207 1955 1239 2015 in
1275 1953 1493 2015 testimonium

228 2059 458 2140 premissorum
483 2060 654 2141 requisitis.

334 2166 374 2227 Et
396 2185 456 2246 ego
482 2164 673 2247 Stephanus,
698 2179 790 2227 natus
815 2166 935 2228 Mathie
960 2166 1000 2228 de
1026 2167 1201 2248 Lepsyncz,
1228 2166 1360 2227 clericus
1385 2184 1494 2246 zagra-

228 2271 347 2333 biensis
370 2270 516 2354 dyocesis
540 2291 626 2332 sacra
650 2271 837 2333 auctoritate
870 2273 1045 2354 apostolica
1069 2272 1213 2333 notarius
1236 2272 1395 2353 publicus,
1419 2271 1494 2352 quia

227 2377 389 2459 premissis
404 2377 629 2459 appellacioni,
643 2377 867 2456 insinuacioni,
884 2377 1120 2459 protestacioni,
1131 2377 1335 2458 perleccioni,
1352 2375 1495 2438 affixioni

228 2496 258 2544 et
282 2483 431 2544 manibus
453 2483 534 2544 meis
557 2483 724 2544 tradicioni
751 2502 786 2545 ac
811 2482 1016 2560 exhibicioni,
1040 2482 1257 2563 omnibusque
1282 2482 1353 2544 aliis
1377 2496 1407 2543 et
1431 2481 1494 2542 sin-

227 2589 322 2671 gulis,
348 2589 424 2649 dum
450 2589 494 2650 sic
508 2603 542 2649 ut
565 2589 759 2671 premittitur
783 2587 895 2650 fierent
919 2602 950 2650 et
973 2603 1153 2669 agerentur,
1178 2608 1316 2649 unacum
1334 2588 1496 2669 prenomi-

228 2695 310 2756 natis
334 2695 466 2756 testibus
497 2713 626 2777 presens
661 2693 802 2772 interfui,
826 2694 1000 2775 omniaque
1036 2708 1067 2756 et
1101 2694 1227 2775 singula
1263 2695 1415 2776 premissa
1451 2694 1494 2755 sic

228 2800 296 2862 fieri
320 2800 385 2861 vidi
411 2815 442 2862 et
465 2800 585 2879 audivi,
610 2801 683 2863 ideo
708 2800 769 2862 hoc
793 2821 923 2884 presens
939 2801 1104 2883 publicum
1123 2801 1371 2862 instrumentum
1396 2821 1494 2862 manu

229 2908 368 2985 alterius,
393 2927 444 2969 me
479 2907 551 2968 aliis
586 2907 790 2990 prepeditum
827 2907 980 2989 negociis,
1015 2908 1178 2990 scriptum,
1211 2907 1325 2968 exinde
1361 2905 1494 2985 confeci,

228 3015 386 3095 signoque
411 3028 442 3075 et
465 3015 597 3075 nomine
621 3034 657 3075 ac
681 3013 876 3095 cognomine
901 3015 980 3075 meis
1003 3013 1106 3075 solitis
1132 3027 1162 3075 et
1186 3014 1346 3074 consvetis
1369 3013 1495 3094 consig-

229 3121 301 3182 navi
327 3135 357 3183 et
381 3121 528 3182 roboravi
554 3121 585 3181 in
611 3119 707 3182 fidem
745 3134 776 3182 et
798 3120 1021 3182 testimonium
1057 3119 1203 3180 omnium
1228 3133 1258 3180 et
1293 3119 1494 3200 singulorum

229 3227 459 3308 premissorum
483 3239 612 3307 rogatus
633 3226 750 3308 pariter
774 3240 805 3286 et
829 3225 1010 3306 requisitus.

334 3366 469 3431 Originale
489 3367 515 3416 in
534 3366 632 3430 charta,
651 3367 676 3417 in
696 3365 793 3418 archiv.
813 3367 941 3417 honorab.
962 3365 1083 3430 Collegit.
1104 3365 1366 3417 Praebendariorum.

824 3649 907 3715 129.

335 3811 411 3860 Anno
435 3809 508 3860 1516.
532 3810 571 3861 18.
591 3809 714 3873 Augusti.
733 3805 890 3870 Zagrabiae.

228 3937 360 4021 Paraclii
378 3938 502 3994 ce'nitatis
527 3936 671 4009 Zagrabie
694 3936 833 3991 nutationi
854 3953 884 3991 se
897 3932 1019 4011 Jiebente
1049 3935 1079 3991 Τ
1075 3934 1160 3990 laonia
1183 3934 1333 3991 cardinali
1345 3930 1495 4005 collegiata

390 4042 667 4115 praebendariorum
690 4040 724 4096 de
746 4038 849 4097 balneo
872 4041 991 4113 litigans
1014 4041 1044 4096 in
1068 4040 1205 4107 iudiciuin
1228 4041 1336 4099 citasse.

336 4181 475 4262 Egregio
500 4179 627 4241 Andree
664 4179 794 4258 Chesio,
818 4179 926 4240 comiti
963 4193 993 4240 et
1027 4178 1270 4261 prothonotario
1306 4178 1494 4260 apostolico,

229 4287 349 4348 arcium
375 4301 405 4348 et
429 4286 630 4348 decretorum
656 4284 790 4363 doctori,
815 4305 851 4346 ac
874 4305 960 4346 sacre
985 4285 1148 4365 theologie
1178 4283 1362 4365 professori,
1380 4302 1507 4373 prepo-

229 4393 289 4453 sito
314 4390 490 4452 chasmensi
517 4405 547 4452 et
563 4391 718 4452 canonico
731 4390 940 4472 zagrabiensi,
954 4411 1111 4471 causeque
1129 4404 1159 4451 et
1186 4390 1287 4450 causis
1305 4410 1339 4450 ac
1354 4389 1495 4470 partibus

231 4495 437 4578 infrascriptis
461 4516 479 4557 a
503 4495 769 4557 reverendissimo
794 4497 825 4557 in
852 4496 980 4558 Christo
1017 4510 1104 4577 patre
1126 4509 1156 4556 et
1181 4495 1326 4572 domino,
1361 4494 1495 4555 domino

231 4601 360 4662 Thoma
385 4616 443 4663 etc.
467 4615 573 4664 sancte
597 4601 682 4663 sedis
705 4602 880 4684 apostolice
905 4602 944 4664 de
969 4604 1065 4663 latere
1091 4601 1207 4681 legato,
1231 4599 1328 4682 judici
1355 4612 1385 4661 et
1408 4618 1496 4659 com-

231 4708 376 4769 missario
400 4708 578 4790 specialiter
610 4707 775 4790 deputato,
813 4707 947 4769 domino
983 4719 1092 4768 nostro
1129 4704 1335 4788 precolendo,
1371 4703 1495 4765 Blasius

228 4813 329 4875 sancti
353 4812 507 4875 lobannis
531 4813 666 4896 baptiste
689 4813 729 4876 de
753 4832 837 4875 nova
871 4811 958 4891 villa,
982 4811 1062 4873 alter
1098 4810 1224 4872 blasius
1261 4809 1360 4871 sancti
1396 4807 1495 4870 Marci
