3472 5242
672 360 747 418 Doc.
763 354 814 435 46.
839 391 872 401 -
902 360 956 419 An.
976 371 1063 434 1505.
1456 382 1498 446 47

240 462 489 470 —————--..

234 596 389 646 tecturam
413 598 520 646 sancte
544 586 743 666 Margarethe
768 587 909 670 plenarie
934 586 1193 665 extradedissent‚
1210 588 1311 650 immo
1332 588 1499 668 dederunt,

236 690 440 752 contulerunt
456 705 488 752 et
500 691 713 755 vendiderunt
729 712 836 755 coram
851 693 944 754 nobis
960 691 1027 773 jure
1041 707 1196 774 perpetuo
1207 706 1237 754 et
1250 693 1499 756 irrevocabiliter

235 795 419 875 tenendam,
442 797 669 877 possidendam
702 800 819 881 pariter
842 811 874 860 et
895 798 1076 860 habendam
1105 818 1140 859 ac
1164 797 1249 878 juxta
1274 799 1498 863 condicionem

236 901 372 963 civitatis
395 916 561 984 prenotate
585 905 624 965 ab
648 906 782 987 antiquo
798 904 1039 986 privilegialiter
1056 904 1275 986 approbatam,
1292 924 1499 987 quocumque

235 1008 374 1070 voluerit
405 1009 651 1090 disponendam.
676 1012 710 1072 ln
742 1011 833 1072 cuius
865 1011 909 1072 rei
934 1011 1123 1071 memoriam
1147 1023 1243 1091 atque
1267 1011 1498 1092 testimonium,

235 1113 483 1196 firmitatemque
507 1130 694 1198 perpetuam
718 1130 879 1199 presentes
904 1116 1010 1197 sigillo
1027 1130 1137 1178 nostro
1153 1117 1318 1178 communi
1335 1118 1500 1180 roboratas

236 1220 386 1282 duximus
418 1222 650 1285 concedendas.
683 1222 802 1285 Datum
835 1222 913 1284 feria
944 1223 1083 1284 secunda
1114 1223 1147 1283 in
1178 1222 1320 1304 profesto
1348 1223 1498 1286 undecim

235 1326 337 1388 millia
362 1327 534 1408 virginum.
557 1332 654 1390 Anno
678 1327 802 1390 domini
826 1329 1000 1390 millesimo
1024 1329 1283 1410 quingentesimo
1308 1331 1432 1411 quinto.

306 1450 442 1515 Originale
472 1451 498 1501 in
527 1453 685 1504 membrana.
704 1452 726 1501 Α
745 1457 822 1516 tergo
843 1453 999 1516 impressum
1020 1457 1061 1503 est
1079 1453 1195 1517 sigillum
1215 1453 1370 1505 communis.
1382 1452 1409 1503 ln
1428 1455 1499 1508 areb.

234 1537 280 1591 lib.
300 1553 355 1603 reg.
377 1539 425 1590 civ.
445 1541 551 1604 zagrab.

839 1770 903 1835 46.

340 1910 416 1960 Anno
438 1909 512 1973 1505,
534 1911 573 1961 12.
593 1910 751 1965 novembris.
771 1910 868 1963 Budae.

243 2036 408 2094 Vladt'slaus
439 2037 597 2111 Hungan'e
627 2046 675 2098 etc.
707 2058 760 2096 rex
793 2038 981 2096 Ferdinando
1014 2038 1049 2096 de
1080 2039 1322 2111 Frangeponibus
1351 2040 1447 2097 comiti
1473 2048 1502 2098 et

236 2143 373 2212 Beatrict}
396 2162 470 2218 quae
492 2152 580 2201 morte
596 2145 729 2220 Joanm's
758 2145 879 2203 Corvini
898 2153 941 2202 est
961 2145 1091 2218 viduata,
1114 2144 1246 2219 mandat,
1272 2154 1305 2201 ut
1326 2153 1421 2218 erepta
1439 2155 1500 2223 pro

228 2252 361 2322 portorio
383 2252 476 2324 speleis
498 2252 703 2308 mercatoribus
725 2251 958 2323 zagrabt'enst'bus
972 2251 1103 2324 reddant,
1122 2269 1190 2308 neve
1205 2270 1224 2306 a
1239 2251 1347 2308 civibus
1362 2251 1498 2308 tributum

708 2365 767 2431 pro
789 2375 876 2414 merce
900 2358 1026 2429 exigant.

340 2495 540 2558 Wladislaus
563 2497 614 2557 dei
638 2497 743 2578 gracia
768 2517 821 2557 rex
847 2495 1012 2577 Hungarie
1037 2509 1067 2556 et
1084 2495 1239 2557 Bohemie
1257 2510 1315 2559 etc.
1333 2497 1499 2560 Fidelibus

235 2602 351 2663 nostris
374 2601 545 2684 magnifico
570 2602 775 2664 Ferdinando
799 2602 907 2663 comiti
933 2602 972 2662 de
997 2602 1022 2662 F
1025 2603 1261 2684 rangepanibus
1284 2623 1319 2664 ac
1337 2604 1451 2665 illustri
1468 2619 1499 2666 et

234 2728 387 2789 generose
420 2708 550 2770 domine
584 2709 737 2787 Beatrice,
762 2708 869 2770 relicte
901 2708 1038 2770 condam
1063 2707 1217 2770 lobannis
1249 2709 1383 2771 Coruini
1409 2711 1499 2772 ducis

235 2827 293 2876 etc.
318 2815 418 2876 sorori
443 2815 597 2893 eiusdem,
622 2815 757 2876 salutem
782 2827 813 2876 et
834 2814 985 2896 graciam.
1008 2814 1187 2895 Exponitur
1212 2815 1366 2877 Maiestati
1393 2829 1498 2877 nostre

235 2921 267 2983 in
292 2922 437 3003 personis
460 2920 605 2982 fidelium
623 2935 804 2983 nostrorum
827 2921 1129 3001 circumspectorum
1146 2919 1260 2999 judicis
1275 2935 1306 2982 et
1321 2921 1498 3002 juratorum

235 3027 353 3088 civium
378 3042 408 3089 et
431 3028 534 3089 tocius
550 3027 789 3089 communitatis
813 3027 947 3088 civitatis
968 3039 1074 3086 nostre
1092 3026 1211 3086 montis
1224 3025 1393 3087 Grecensis
1408 3027 1501 3107 gravi>

235 3153 308 3194 cum
333 3135 473 3214 querela,
492 3133 579 3215 quod
604 3133 678 3194 licet
702 3153 760 3194 nos
784 3132 832 3192 his
856 3132 1074 3213 superioribus
1094 3131 1218 3210 diebus,
1234 3132 1326 3193 vobis
1349 3152 1406 3213 per
1421 3132 1499 3193 alias

235 3251 357 3301 nostras
380 3239 648 3317 mandaverimus,
670 3253 704 3300 ut
728 3259 785 3299 vos
809 3238 863 3299 illa
887 3237 1038 3298 animalia
1063 3236 1240 3298 eorundem
1264 3238 1497 3319 exponentium

234 3364 290 3427 per
312 3359 342 3407 te
367 3345 568 3407 Ferdinande
603 3346 641 3406 de
666 3365 780 3426 campo
805 3345 949 3426 ipsorum
973 3343 1130 3404 violenter
1158 3343 1279 3421 abacta,
1303 3343 1358 3404 sed
1383 3358 1413 3404 et
1436 3342 1498 3404 alia

235 3471 366 3532 quoque
397 3452 499 3533 spolia
530 3453 599 3513 istic
630 3470 686 3533 per
709 3464 739 3512 te
764 3450 943 3527 commissa,
968 3448 1088 3510 eisdem
1110 3449 1343 3530 exponentibus
1365 3448 1498 3510 reddere

234 3572 265 3619 et
287 3558 451 3619 restituere
482 3557 658 3633 deberetis;
690 3571 798 3618 tamen
824 3576 889 3633 vos,
914 3555 1052 3617 nescitur
1081 3556 1199 3635 quibus
1222 3555 1427 3636 respectibus,
1450 3574 1497 3614 ra·

235 3663 361 3725 cionem
392 3664 578 3726 huiusmodi
611 3663 835 3724 mandatorum
861 3674 1043 3723 nostrorum
1067 3680 1132 3721 non
1157 3660 1320 3738 habentes,
1344 3661 1498 3741 premissa

233 3770 355 3831 eisdem
379 3770 612 3851 exponentibus
636 3769 800 3830 restituere
826 3766 1030 3844 nolluissetis,
1053 3779 1149 3847 prout
1179 3766 1307 3827 nolletis
1331 3767 1432 3827 eciam
1457 3765 1498 3827 de

233 3876 390 3957 presenti;
416 3888 446 3936 et
469 3889 573 3957 preter
596 3874 656 3936 hoc
681 3894 737 3935 vos
761 3873 892 3935 domina
916 3873 1040 3934 Beatrix
1067 3885 1176 3933 contra
1195 3872 1262 3952 jura
1287 3886 1318 3933 et
1338 3872 1499 3932 libertates

234 3982 376 4063 ipsorum
410 3982 654 4063 exponencium,
680 3981 765 4062 ipsos
796 3993 1000 4061 exponentes,
1024 3992 1153 4040 mortuo
1187 3978 1307 4039 scilicet
1338 3978 1401 4039 iam
1429 3978 1498 4059 ipso

233 4087 370 4151 condam
403 4089 494 4166 duce,
528 4087 662 4149 domino
695 4100 726 4149 et
755 4086 871 4147 marito
903 4098 1019 4161 vestro,
1053 4085 1085 4145 in
1114 4085 1208 4145 bonis
1232 4083 1342 4144 vestris
1373 4082 1412 4144 ad
1444 4083 1497 4143 tri-

234 4193 391 4255 butariam
425 4193 623 4256 solucionem
660 4206 759 4253 artare
792 4207 822 4252 et
854 4190 1048 4272 compellere
1080 4190 1251 4271 cepissetis,
1284 4209 1340 4271 per
1373 4188 1497 4269 hocque

231 4301 317 4383 ipsos
350 4312 544 4382 exponentes
575 4300 606 4360 in
638 4299 705 4360 dies
742 4299 880 4380 graviter
918 4296 1128 4358 molestaretis
1170 4310 1200 4357 et
1231 4293 1499 4376 dampnificaretis

233 4406 265 4467 in
298 4427 410 4468 eorum
441 4425 571 4487 gravem
604 4405 751 4466 iniuriam
784 4416 814 4464 et
849 4403 1004 4464 damnum
1036 4400 1251 4463 manifestum.
1285 4401 1393 4474 Quare
1425 4419 1499 4481 sup·

233 4514 350 4596 plicare
382 4527 531 4576 curarunt
564 4513 657 4573 nobis
690 4512 787 4572 iidem
819 4510 903 4569 cives
936 4508 1045 4586 nostri,
1071 4527 1135 4588 quo
1166 4507 1242 4589 ipsis
1266 4505 1437 4587 superinde
1459 4504 1498 4564 de

233 4634 415 4702 opportuno
447 4619 614 4702 providere
647 4619 852 4699 dignaremur
876 4614 1037 4690 remedio;
1062 4613 1167 4674 sciatis
1190 4626 1308 4691 autem,
1333 4631 1391 4672 nos
1415 4610 1499 4672 cives

233 4740 359 4788 nostros
396 4725 582 4787 huiusmodi
618 4723 811 4784 animalibus
842 4733 873 4781 et
908 4719 1019 4802 spoliis
1050 4738 1161 4780 eorum
1194 4717 1322 4781 destitui
1354 4736 1410 4798 per
1442 4736 1499 4777 vos

233 4832 324 4894 nullo
348 4831 447 4893 modo
471 4830 564 4909 velle,
582 4830 688 4910 itaque
713 4825 857 4889 fidelitati
881 4838 984 4886 vestre
1001 4843 1108 4884 rursus
1125 4840 1156 4886 et
1172 4845 1209 4885 ex
1225 4821 1498 4906 superabundanti
