3472 5242
269 340 330 422 296
674 339 792 398 Statuta
815 340 1107 397 Praebendariorum.

270 449 440 456 .——.—..
458 450 513 455 -.—
531 450 592 455 .—-
617 450 737 455 --.-
753 447 1128 455 ..-.--.—.——-——-—--—
1150 447 1218 452 ——-
1230 448 1245 451 -
1260 448 1286 452 .-
1302 447 1370 453 -v——.
1395 448 1440 453 —,.
1457 450 1463 453 .
1479 449 1528 455 ,,.,,,

378 572 418 631 (st
437 590 521 630 cause
536 573 674 647 fratrum
700 573 731 628 in
754 572 870 645 collegio
882 574 973 645 prius
995 571 1198 629 discuciantur.

374 710 487 792 Sepius
511 711 615 772 solent
639 710 832 773 differrentie
857 725 952 792 atque
976 710 1276 773 controversionum
1299 710 1430 771 materie
1449 711 1531 771 inter

268 815 378 879 fratres
401 802 526 879 nostros
548 817 696 897 suboriri,
721 831 751 880 et
774 831 942 899 propterea
965 815 1161 879 eiuscemodi
1179 815 1377 878 differrencie
1402 830 1432 878 et
1455 836 1531 877 con·

268 923 491 1001 troversiones,
516 943 582 984 non
606 923 763 1005 imprimis
787 923 817 984 in
844 923 988 983 medium
1012 923 1122 1001 nostri,
1147 937 1182 984 ut
1205 922 1367 994 deberent,
1390 922 1444 984 sed
1474 922 1531 983 do·
1590 935 1607 953 ⁸

269 1029 360 1090 minii
385 1028 538 1111 proferre,
563 1043 594 1090 et
617 1029 750 1111 perinde
774 1029 924 1090 dominos
957 1029 988 1089 in
1012 1047 1071 1089 nos
1095 1028 1146 1089 vel
1171 1028 1378 1110 quemppiam
1403 1026 1531 1089 fratrem

271 1148 416 1196 nostrum
440 1135 624 1216 superinde,
641 1135 734 1196 nobis
752 1134 950 1216 irrequisitis,
967 1153 1046 1196 ausu
1063 1135 1244 1212 temerario,
1261 1135 1294 1195 in
1311 1146 1530 1215 contemptum

270 1241 378 1302 statuti
414 1240 525 1312 nostri,
556 1241 797 1323 conquerendo,
821 1259 995 1322 provocare
1037 1254 1067 1301 et
1106 1260 1172 1302 non
1211 1260 1323 1321 parum
1364 1240 1532 1301 concitare.

271 1347 466 1408 Eamobrem
502 1347 686 1424 sanctimus,
710 1367 750 1408 ne
787 1346 826 1408 de
850 1360 956 1407 cetero
990 1347 1149 1428 quispiam
1174 1367 1212 1408 ex
1233 1347 1327 1407 nobis
1364 1347 1403 1407 ad
1428 1345 1533 1406 domi·

271 1452 361 1513 nium
386 1452 514 1513 racione
538 1451 646 1533 previa
671 1466 785 1531 currat,
808 1452 869 1513 nisi
893 1452 980 1533 prius
1004 1452 1036 1512 in
1070 1452 1178 1513 medio
1202 1453 1302 1513 nostri
1334 1450 1532 1513 eiuscemodi

271 1556 469 1620 differrencie
494 1558 644 1637 discusse,
669 1559 795 1639 cognite
820 1570 851 1618 et
873 1557 1039 1618 terminate
1057 1556 1192 1634 fuerint;
1217 1559 1266 1619 cui
1284 1558 1368 1619 viam
1393 1556 1533 1638 appella-

272 1663 373 1725 cionis
411 1682 477 1725 non
515 1664 744 1745 precludimus,
784 1663 928 1744 alioquin
968 1664 1210 1725 contraveniens
1248 1664 1410 1745 premissis
1449 1663 1534 1724 iuxta

272 1768 508 1851 beneplacitum
532 1783 677 1832 nostrum
698 1770 858 1851 punietur.

374 1967 425 2023 Dr
446 1964 546 2041 officiis
567 1967 665 2025 nostri
681 1966 790 2026 decani.

314 2112 320 2122 ’
375 2104 535 2166 Volumus
558 2105 670 2182 eciam,
695 2105 783 2187 quod
806 2105 958 2166 dominus
993 2104 1133 2166 decanus
1164 2118 1271 2165 noster
1302 2122 1360 2185 pro
1391 2116 1536 2183 tempore

274 2210 474 2289 constitutus,
497 2223 663 2292 tamquam
686 2211 832 2293 superior
855 2225 973 2287 noster,
997 2211 1149 2271 omnibns
1173 2208 1315 2291 negociis
1339 2208 1455 2270 nostris
1471 2207 1537 2268 col·

275 2316 395 2398 legium
420 2317 635 2397 tangentibus,
660 2330 767 2377 exacta
798 2331 829 2377 et
857 2316 1004 2397 diligenti
1036 2335 1109 2377 cura
1146 2315 1271 2377 studeat
1303 2314 1481 2396 invigilare,
1505 2314 1537 2374 in

275 2421 385 2484 fratres
408 2441 474 2482 non
498 2422 610 2499 sevire,
634 2422 688 2483 sed
715 2422 787 2484 illos
810 2422 862 2503 pie
886 2442 1003 2500 amare,
1028 2421 1184 2482 honorem
1209 2421 1340 2483 illorum
1365 2440 1422 2501 pro
1444 2438 1537 2501 posse

275 2526 458 2598 defendere,
485 2527 675 2589 insolencias
699 2526 830 2589 fratrum
856 2525 1038 2588 manifestas
1064 2527 1113 2586 vel
1139 2526 1279 2587 occultas
1307 2526 1366 2587 sibi
1391 2539 1483 2587 notas
1506 2537 1538 2587 et

275 2633 449 2695 declaratas
473 2633 505 2693 in
529 2633 672 2693 medium
697 2634 797 2694 nostri
833 2652 1024 2714 proponere,
1048 2647 1079 2693 et
1102 2632 1181 2692 tales
1215 2651 1273 2713 pro
1309 2632 1408 2692 modo
1443 2630 1536 2711 culpe

276 2753 385 2800 nostro
409 2738 510 2799 eciam
535 2738 575 2798 ad
600 2738 631 2798 id
656 2739 825 2800 accedente
849 2758 1007 2800 consensu
1030 2737 1143 2819 punire
1176 2752 1207 2799 et
1240 2737 1392 2818 castigare
1423 2736 1538 2815 valeat,

283 2858 318 2906 ut
339 2844 434 2906 ceteri
459 2844 629 2925 exemplati
654 2864 671 2904 a
696 2844 855 2905 similibus
886 2844 1081 2919 abstineanr;
1114 2843 1163 2904 vel
1194 2843 1309 2920 minus,
1342 2842 1367 2903 si
1399 2843 1539 2903 eundem

278 2950 446 3012 dominum
471 2950 628 3011 decanum
664 2963 806 3014 nostrum
832 2949 864 3010 in
888 2949 1006 3010 talibus
1037 2949 1254 3029 negligentem
1289 2962 1319 3009 et
1349 2968 1407 3030 per
1430 2947 1539 3009 omnia

278 3057 372 3117 nobis
408 3055 555 3117 inutilem
593 3055 836 3136 comperiemus,
872 3054 964 3116 illum
997 3055 1173 3115 secundum
1210 3055 1278 3115 eius
1310 3054 1539 3135 negligentiam

278 3162 434 3245 puniendi
459 3162 509 3221 vel
535 3161 636 3222 eciam
660 3161 685 3220 si
709 3160 771 3221 tale
805 3160 1010 3238 commiserit,
1034 3179 1092 3220 suo
1122 3158 1229 3220 officio
1261 3159 1406 3240 privandi
1431 3172 1461 3220 et
1485 3158 1539 3219 de-

277 3267 429 3329 stituendi
454 3281 549 3348 atque
574 3266 733 3348 spoliandi
757 3265 948 3327 habebimus
971 3264 1166 3326 facultatem.

385 3483 435 3539 De
457 3484 671 3540 incontinrncia
685 3481 834 3556 fratrum.

386 3621 434 3681 Ne
458 3640 534 3681 vero
559 3619 693 3681 facilitas
717 3620 810 3680 venie
835 3619 1031 3681 incentivum
1050 3621 1167 3681 tribuat
1184 3619 1457 3701 delinquentibus,
1481 3633 1541 3680 sta·

281 3726 409 3801 tuimus,
437 3726 548 3806 utqui
585 3745 622 3786 ex
656 3725 749 3786 nobis
784 3725 1004 3806 comprehensi
1038 3723 1155 3786 luerint
1191 3725 1426 3787 incontinencie
1459 3725 1541 3786 vicio

279 3830 435 3907 laborare,
459 3849 495 3890 ac
520 3843 659 3890 scortum
684 3830 811 3911 publice
843 3843 962 3907 tenere,
986 3843 1016 3890 et
1052 3850 1110 3891 nos
1140 3849 1251 3891 eorum
1289 3831 1441 3891 dissoluta
1478 3831 1541 3891 vita

280 3934 506 4013 scandalizare,
531 3950 562 3996 et
585 3933 702 3996 famam
728 3950 868 3995 nostram
900 3933 1072 4013 offendere,
1104 3936 1282 4016 denigrare,
1314 3951 1409 4017 prout
1440 3936 1543 4017 magis

281 4041 332 4101 vel
356 4041 462 4101 minus
486 4041 697 4121 peccaverint,
722 4041 905 4121 puniantur,
922 4055 956 4102 ut
976 4061 1058 4122 quos
1079 4042 1206 4103 divinus
1230 4042 1325 4102 timor
1342 4062 1358 4103 a
1373 4043 1459 4102 malo
1476 4061 1541 4102 non

281 4160 419 4225 revocat,
443 4146 630 4227 temporalis
653 4147 765 4208 saltem
789 4166 871 4228 pena
896 4146 1043 4208 cohibeat
1066 4169 1083 4209 a
1108 4161 1248 4229 peccato,

387 4320 443 4398 ne'
459 4339 583 4414 infimis
599 4341 759 4414 fratribus.

389 4479 598 4541 Decrevimus
622 4498 764 4560 quoque,
788 4480 925 4561 quodsi
949 4480 1066 4560 aliquis
1090 4500 1127 4542 ex
1150 4479 1299 4541 fratribus
1319 4480 1435 4542 nostris
1458 4478 1543 4540 infir·

283 4598 433 4664 miretur,
457 4584 554 4646 talem
578 4584 729 4646 dominus
752 4586 892 4647 decanus
915 4599 1022 4647 noster
1045 4605 1101 4667 per
1125 4606 1169 4662 se,
1194 4585 1245 4646 vel
1269 4604 1308 4646 eo
1337 4586 1408 4646 aliis
1431 4604 1542 4666 prepe-

284 4688 352 4751 dito
377 4689 529 4772 negociis,
554 4710 610 4771 per
633 4690 731 4752 alium
765 4691 971 4772 quemppiam
1008 4710 1045 4751 ex
1070 4689 1218 4752 fratribus
1253 4691 1370 4753 nostris
1405 4690 1543 4769 visitare,

284 4793 454 4877 ipsumque
477 4808 542 4857 tam
565 4795 757 4858 salutaribus
779 4797 919 4874 monitis,
943 4816 1040 4877 quam
1064 4797 1165 4858 eciam
1188 4796 1419 4878 temporalibus
1441 4795 1544 4856 subsi-
