3472 5242
600 383 674 446 Dec.
698 382 751 451 86,
775 383 823 459 87.
847 420 889 429 -
913 387 971 444 An.
997 398 1081 459 1511.
1453 407 1492 469 93

229 609 406 689 continens,
431 612 461 673 fl.
479 610 499 671 1.
525 611 614 688 Item,
638 624 760 692 septem
784 609 980 692 potchelicze
1004 610 1049 670 sic
1074 609 1167 688 dicte,
1193 611 1291 673 fl.111.
1316 613 1492 696 Carmasyn

229 714 321 777 flavei
355 729 386 776 et
419 716 534 777 diversi
570 716 686 778 coloris
720 717 751 778 fl.
780 716 829 800 Ἀ.
873 716 961 793 Item,
993 715 1120 777 sudaria
1155 716 1232 795 duo,
1268 738 1367 780 unum
1401 718 1494 782 flavei

229 822 355 900 coloris,
379 821 468 883 aliud
501 822 598 900 rubri,
623 821 747 903 pridem
783 822 935 904 preciosis
970 823 1064 883 rebus
1095 823 1232 902 gemmis
1256 824 1439 885 ordinatum
1464 840 1495 887 et

227 939 422 1005 contextum,
454 928 545 989 fl.11.
578 928 654 989 Item
686 947 885 1010 vyennenses
915 928 1024 1008 nigros
1056 927 1095 988 ad
1121 927 1197 989 fl.1.
1239 929 1318 990 Tria
1353 929 1493 1011 capitula

230 1053 285 1094 seu
315 1034 432 1095 cussini
466 1034 504 1093 de
529 1033 657 1098 thaffata
689 1034 775 1095 rubri
800 1033 917 1095 coloris
940 1033 1015 1094 satis
1040 1034 1116 1094 boni
1142 1047 1173 1096 et
1195 1035 1308 1115 optimi
1333 1035 1372 1097 ad
1397 1037 1494 1098 altare

230 1140 435 1220 pertinentes.
462 1141 524 1200 Res
548 1153 578 1201 et
602 1142 686 1201 bona
711 1159 781 1201 mea
806 1153 920 1220 expeto
943 1159 960 1199 a
985 1138 1107 1220 prelato
1133 1139 1308 1201 Benedicto
1325 1141 1493 1224 Slatchych

227 1245 287 1307 sibi
309 1265 365 1327 per
388 1264 439 1306 me
461 1246 619 1325 assignata
643 1245 683 1306 ad
708 1265 822 1307 manus
846 1264 927 1306 suas.
949 1245 1037 1322 ltem,
1054 1259 1222 1326 argentum
1250 1266 1322 1308 curn
1341 1267 1405 1309 una
1422 1268 1491 1329 par·

230 1351 326 1413 ticula
352 1352 514 1432 pertinens
537 1351 577 1413 ad
603 1352 789 1413 cambucam
807 1350 941 1412 ferream
959 1351 1045 1431 wigo
1058 1351 1249 1432 bwzdogan,
1264 1354 1380 1414 valoris
1397 1354 1428 1416 fl.
1446 1353 1494 1438 ¹),

334 1492 470 1556 Originale
496 1492 522 1542 iu
544 1493 641 1544 charta.
661 1492 689 1542 ln
710 1493 779 1543 arch.
798 1492 893 1543 llccad.
913 1489 984 1543 Slsv.
1004 1493 1095 1543 merid.
1116 1489 1155 1543 lll
1170 1495 1193 1543 d.

838 1774 900 1840 86.

331 1916 406 1966 Anno
428 1916 503 1980 1511,
523 1918 547 1969 4.
564 1915 685 1981 januarii.
710 1915 784 1968 Calli.

227 2043 381 2103 Emericus
411 2040 530 2118 Therek,
547 2044 640 2101 banus
662 2043 920 2111 Nandoralbensis,
937 2044 1041 2102 lateras
1064 2044 1166 2102 scribit
1180 2044 1280 2119 judici
1299 2046 1490 2121 nagrabiensi,

307 2158 342 2206 ut
360 2151 417 2207 sibi
434 2150 537 2207 reddat
556 2150 668 2206 donnum
692 2151 724 2207 in
739 2150 846 2223 fiscum
869 2149 1084 2207 communitatis
1106 2148 1234 2208 civitatis
1258 2150 1412 2210 redactam.

335 2287 574 2369 Circumspecte
606 2308 641 2348 ac
672 2287 814 2370 prudens
843 2288 891 2348 vir
916 2300 947 2347 et
970 2287 1070 2348 amice
1096 2287 1221 2349 dilecte.
1246 2288 1381 2350 Constat
1404 2288 1496 2349 vobis

228 2393 364 2473 qualiter
396 2393 452 2455 illo
477 2393 611 2454 domum
635 2406 776 2454 nostram
801 2393 833 2454 in
858 2392 1003 2453 medium
1028 2393 1121 2454 vestri
1147 2393 1334 2454 existentem
1360 2414 1377 2454 a
1401 2393 1496 2455 nobis

228 2499 334 2559 minus
358 2499 438 2560 iuste
463 2513 493 2560 et
518 2499 659 2560 indebite
682 2499 899 2576 abstulleritis,
924 2519 998 2560 cum
1016 2512 1123 2561 autem
1142 2519 1201 2561 nos
1217 2499 1257 2561 de
1274 2502 1368 2560 rebus
1385 2499 1497 2560 vestris

228 2624 312 2666 nunc
352 2604 477 2665 Budam
509 2604 648 2667 devectis
680 2605 856 2666 contentari
891 2619 1085 2686 poteramus,
1119 2619 1226 2666 tamen
1257 2626 1294 2666 ex
1327 2624 1393 2686 quo
1425 2606 1497 2666 talis

227 2710 348 2771 amicus
372 2730 461 2771 meus
485 2711 568 2788 estis,
593 2711 715 2772 idmodi
741 2709 843 2772 lacere
868 2710 1051 2784 noluimus;
1077 2709 1306 2772 nichilominus
1329 2710 1367 2770 de
1391 2723 1496 2772 cetero

228 2817 498 2897 quandocumque
530 2817 669 2898 reperire
702 2817 878 2898 poterimus
911 2816 1004 2897 ipsas,
1029 2829 1083 2877 aut
1118 2829 1237 2878 vestras
1260 2829 1315 2877 aut
1341 2835 1495 2896 quorum·

229 2942 367 3002 cumque
400 2943 459 3001 res,
485 2923 555 2983 illas
589 2943 646 3004 pro
680 2922 820 2983 indebita
851 2923 1041 3003 accepcione
1066 2934 1097 2983 et
1120 2922 1235 2983 iniusta
1261 2922 1359 3003 ipsius
1383 2922 1499 2983 domus

228 3047 297 3088 mee
322 3029 462 3110 recipere
486 3042 517 3090 et
541 3029 684 3090 arrestari
712 3028 905 3089 curabimus.
932 3029 1097 3108 Rogamus
1121 3028 1217 3107 igitur
1242 3047 1311 3105 vos,
1337 3040 1371 3087 ut
1396 3027 1496 3109 ipsam

229 3133 363 3195 domum
395 3147 535 3195 nostram
567 3135 660 3196 nobis
694 3133 857 3195 rectificari
893 3134 1007 3210 velitis,
1030 3132 1176 3214 alioquin
1209 3153 1267 3194 nos
1299 3133 1330 3192 in
1355 3132 1496 3213 dampno

229 3259 417 3320 permanere
451 3242 600 3301 volumus
628 3241 772 3301 minime.
799 3240 845 3299 Ex
871 3239 942 3300 Call
967 3241 1100 3300 sabbato
1124 3252 1196 3320 post
1221 3239 1336 3299 festum
1363 3238 1497 3298 circum·

230 3345 358 3408 cisionis
383 3347 525 3409 Domini.
551 3351 646 3408 Anno
676 3368 766 3426 15¹¹·

727 3469 894 3530 Emericus
917 3466 1058 3545 Therelt,
1083 3470 1185 3528 banus
1209 3466 1494 3528 Nandoralbensis.

334 3613 366 3672 (Α
385 3611 483 3676 tergo),
516 3594 757 3674 Circumspecto
788 3613 823 3653 ac
855 3591 1003 3674 prudenti
1037 3591 1106 3651 viro
1139 3590 1276 3651 iohanni
1304 3590 1411 3651 Siu'an
1437 3591 1497 3651 civi

233 3700 367 3760 civitatis
391 3701 509 3760 montis
534 3698 713 3778 Grecensis‚
735 3699 840 3760 amico
864 3697 959 3759 nobis
981 3695 1182 3758 honorando.

343 3839 478 3903 originale
504 3838 528 3890 in
554 3841 651 3891 charta.
678 3839 699 3889 Α
725 3844 801 3902 tergo
827 3839 984 3902 impressum
1014 3842 1054 3887 est
1082 3835 1205 3900 sigillum.
1235 3836 1262 3886 ln
1287 3837 1355 3887 arch.
1376 3837 1421 3887 lib.
1443 3851 1498 3901 reg.

232 3929 337 3992 zagrab.

835 4121 894 4187 87.

337 4263 410 4312 Anno
433 4262 507 4325 1511,
530 4264 551 4311 l.
573 4260 706 4312 februarii.
726 4258 882 4324 Zagrabiae.

233 4390 339 4447 Coram
361 4391 535 4461 1111111111
559 4388 685 4444 civitatis
707 4388 810 4445 natantis
834 4387 983 4445 Grecensis
1005 4389 1077 4444 11111
1100 4384 1221 4460 qnidam
1242 4394 1387 4445 testantur
1401 4386 1501 4442 Etiam

275 4497 309 4553 de
338 4496 479 4552 Cirkvis'le
503 4496 616 4552 vineam
639 4511 658 4548 1
686 4494 837 4550 Valentino
861 4493 954 4550 Pena
976 4494 1104 4550 molitarc
1127 4489 1150 4549 ό
1163 4493 1232 4567 star.
1256 4493 1453 4551 ransmissa.

339 4635 406 4695 Nos
421 4632 557 4694 Michael
574 4631 659 4693 filius
674 4630 842 4710 Anthonii,
856 4630 962 4711 judex,
979 4631 1179 4710 Valentinus,
1194 4630 1365 4713 Georgius,
1379 4630 1501 4706 Petrus,

231 4741 426 4823 Stephanus,
450 4739 622 4816 Fabianus,
647 4737 793 4816 Matbias,
811 4736 955 4799 Thomas
980 4750 1011 4798 et
1028 4735 1188 4818 Georgius
1204 4736 1310 4818 jurati,
1327 4734 1500 4796 consiliarii

230 4862 262 4909 et
287 4847 428 4908 universi
454 4846 538 4907 cives
562 4845 698 4907 civitatis
722 4844 840 4906 montis
865 4842 1043 4907 Grecensis.
1063 4843 1219 4905 Memoris
1238 4840 1503 4903 commendamus
