3472 5242
677 353 750 417 Dec.
767 367 819 432 49.
840 390 874 398 -
897 352 1061 431 An.1506.
1460 375 1495 436 51

237 461 799 469 -.—--.——-—-————-——-.
807 463 825 468 --
981 463 996 467 -
1009 460 1404 469 -ψ--ῂ--ψψ-
1423 465 1496 476 --κ

233 596 317 660 sunt,
341 583 418 643 dum
446 582 490 643 sic
514 595 548 643 ut
579 582 771 663 premittitur
802 594 982 662 agerentur,
1007 602 1145 644 unacum
1174 582 1274 645 altero
1297 586 1423 647 noterio
1446 585 1499 648 hic

235 688 319 750 idem
344 688 522 770 subscripto
546 703 576 748 et
599 688 742 766 testibus,
758 687 940 768 requisitus,
956 707 1086 769 presens
1109 687 1249 766 interlui,
1266 708 1367 771 eaque
1384 691 1451 753 vidi
1468 706 1500 754 et

234 793 354 873 audivi,
375 794 413 855 de
438 795 555 875 quibus
578 792 676 854 iidem
699 807 817 855 certam
841 792 949 855 officio
973 794 1035 855 mei
1052 793 1302 856 thabellionatus
1319 797 1499 877 requirente

234 898 326 961 facio.
359 900 562 961 Presentibus
594 899 714 960 ibidem
747 900 921 961 venerabili
955 900 1089 961 domino
1124 900 1313 981 Seraphino,
1336 903 1499 983 preposito

233 1005 332 1067 sancti
356 1005 522 1067 salvatoris
546 1019 577 1066 et
600 1005 756 1092 canonico
780 1006 912 1067 ecclesie
937 1006 1159 1067 chanadiensis
1184 1019 1214 1066 et
1230 1006 1396 1069 Anthonio
1413 1027 1499 1089 pres·

234 1112 337 1173 bitero
367 1110 579 1192 prebendario
613 1111 645 1172 ln
674 1112 801 1173 civitate
832 1112 950 1174 montis
979 1111 1149 1174 Grecensis
1180 1111 1265 1174 iuxta
1297 1112 1500 1194 Zagrabiam,

233 1217 369 1298 aliisque
382 1237 479 1298 quarn
496 1217 641 1299 pluribus
661 1218 794 1279 testibus
809 1216 980 1299 fidedignis
995 1217 1036 1279 ad
1053 1217 1207 1299 premissa
1223 1218 1354 1297 vocatis,
1371 1221 1499 1301 rogatis,

234 1324 350 1405 pariter
375 1336 406 1385 et
428 1323 599 1404 requisitis.

340 1429 380 1490 Et
415 1448 475 1511 ego
508 1428 668 1511 Georgius
699 1428 738 1490 de
775 1430 962 1512 Prasnycza,
998 1444 1091 1492 natus
1123 1431 1288 1514 Stephani,
1325 1431 1499 1494 canonicus

235 1535 366 1597 ecclesie
391 1535 595 1613 chasmensis,
620 1535 774 1615 presbiter
798 1535 952 1597 dioecesis
981 1537 1206 1617 zagrabiensis,
1230 1557 1317 1599 sacra
1341 1537 1499 1619 imperiali

234 1641 420 1702 auctoritate
451 1641 594 1702 notarius
627 1640 775 1723 publicus
805 1642 837 1702 in
873 1641 972 1703 literis
1005 1641 1167 1721 omnibus,
1192 1662 1255 1724 que
1286 1643 1498 1725 suprascripta

234 1760 317 1826 sunt,
342 1746 419 1807 dum
443 1747 488 1807 sic
512 1760 546 1807 ut
573 1747 766 1827 premittitur
790 1760 969 1828 agerentur,
988 1767 1117 1829 presens
1140 1747 1282 1827 interlui,
1306 1768 1408 1829 eaque
1431 1749 1498 1810 vidi

233 1866 264 1914 et
287 1852 407 1932 audivi,
432 1853 470 1913 de
496 1853 613 1934 quibus
636 1851 733 1913 fidem
757 1866 873 1915 certam
899 1852 1006 1915 officio
1030 1853 1280 1915 thabellionatus
1304 1855 1367 1915 mei
1392 1854 1499 1936 requi-

234 1971 332 2037 rente,
357 1956 477 2041 facio.,*)

339 2099 474 2165 Originale
502 2098 528 2151 in
554 2102 651 2151 charta.
681 2099 708 2151 ln
728 2098 847 2165 margine
866 2098 984 2151 interiori
1004 2100 1162 2164 impressum
1188 2106 1229 2151 est
1247 2101 1363 2165 sigillum
1389 2106 1415 2152 et
1438 2103 1498 2152 snb·

235 2186 395 2251 scriptiones
424 2192 485 2238 sunt
513 2188 683 2273 notariorum.
708 2185 738 2239 In
767 2189 863 2239 archiv.
893 2202 950 2240 ven.
972 2188 1036 2252 Cap.
1060 2190 1167 2253 zagrah.
1189 2189 1245 2240 het.
1272 2189 1334 2252 Cap.
1363 2195 1413 2242 ant,
1434 2189 1498 2242 fasc.

236 2275 277 2328 95.
298 2291 335 2329 nr.
357 2276 397 2326 ll.

256 2460 282 2539 ⁸)
304 2465 450 2540 Quomodo
463 2464 594 2542 fortuna
616 2474 676 2523 tola
700 2464 795 2524 Pauli
816 2465 972 2536 Sticiensis,
995 2484 1094 2526 canon.
1111 2466 1229 2538 zagrab.
1248 2468 1398 2546 absumpta
1421 2471 1477 2527 sit:

338 2605 412 2656 Anno
432 2603 529 2656 domini
549 2605 689 2656 millesimo
713 2605 924 2673 quingentesimo
943 2609 1029 2662 sexto,
1049 2603 1140 2654 ultima
1160 2604 1203 2655 die
1223 2604 1356 2669 februarii,
1377 2606 1498 2660 Chasme.

234 2694 261 2745 ln
280 2695 418 2758 presencia
438 2693 651 2745 reverendissimi
671 2693 769 2744 domini
789 2692 865 2755 Luce,
880 2692 1000 2757 episcopi
1022 2692 1136 2742 eeclesie
1157 2693 1347 2756 zagrabiensis,
1369 2709 1399 2745 ac
1419 2697 1499 2759 pluri·

235 2796 334 2832 morum
353 2782 519 2832 dominorum
545 2781 745 2845 dignitatiorum
768 2795 798 2830 ac
817 2781 1003 2832 canonicorum
1029 2780 1166 2843 utriusque
1186 2780 1294 2843 capituli
1314 2783 1496 2847 zagrabiensis

234 2875 261 2921 et
280 2871 442 2920 chasnensis
462 2869 641 2931 ecelesiarum,
655 2882 703 2919 nec
722 2882 773 2918 non
789 2868 900 2918 aliorum
915 2868 1123 2931 presbiterorum
1137 2872 1161 2918 st
1175 2866 1330 2920 clericorum
1345 2872 1498 2935 astancium,

234 2959 324 3022 posita
349 2964 389 3009 est
416 2960 449 3009 de
475 2972 544 3008 novo
570 2958 642 3008 racio
668 2971 725 3008 cum
751 2957 879 3020 magistro
900 2954 1035 3019 Stephano
1063 2957 1164 3006 lectore
1187 2970 1217 3006 ac
1236 2958 1363 3009 canonico
1384 2960 1498 3011 ecclesie

233 3047 415 3111 zagrabiensis
433 3047 572 3109 prelibate‚
592 3047 625 3096 de
645 3051 671 3096 et
691 3059 772 3108 super
791 3045 899 3095 introitu
919 3059 949 3095 ac
969 3045 1041 3095 exitu
1061 3045 1228 3107 pecuniarum
1249 3046 1359 3097 condam
1380 3049 1498 3112 magistri

235 3133 316 3198 Pauli,
336 3133 451 3198 Zythecz
476 3133 547 3195 dicti,
568 3132 686 3185 canonici
711 3133 835 3183 similiter
857 3133 971 3183 ecclesie
991 3133 1174 3196 zagrnbiensis
1195 3133 1220 3183 in
1241 3134 1365 3184 extremis
1386 3136 1498 3201 relictis,

234 3237 285 3286 que
304 3224 336 3272 ad
356 3236 446 3273 manus
465 3220 584 3272 eiusdem
603 3221 712 3272 lectoris
733 3226 863 3285 tamquam
884 3221 1035 3271 executoris
1054 3223 1208 3271 testamenti
1229 3222 1400 3275 devenerunt.

763 3394 977 3448 introitus:

234 3523 363 3587 Imprimis
383 3527 461 3587 prout
480 3523 548 3573 idem
572 3520 720 3585 Stephanus
740 3521 825 3570 lector
843 3534 891 3583 per
918 3519 1022 3583 scripta
1048 3534 1138 3570 manus
1163 3534 1227 3570 suae
1247 3521 1372 3585 propriae
1393 3523 1497 3587 latetur,

304 3612 394 3662 habuit
414 3616 440 3661 et
459 3611 580 3674 percepit
599 3610 716 3660 llorenos
735 3611 878 3658 sexcentos
898 3608 1066 3672 septuaginta
1086 3609 1161 3659 duos.

237 3699 301 3750 Item
321 3699 408 3750 lassus
428 3704 470 3749 est
489 3699 644 3762 percepisse
659 3698 690 3747 ab
707 3696 810 3746 Andrea
827 3709 911 3758 spano
926 3696 1062 3759 provincie
1077 3696 1193 3760 lwanych
1208 3696 1279 3748 iuxta

304 3792 429 3838 contenta
447 3788 597 3838 testamenti
636 3823 1280 3835 ...................
1306 3784 1331 3835 ll.
1352 3782 1400 3835 Vll

232 3874 253 3926 ll
274 3875 405 3940 Gregorio
426 3875 539 3938 pellifice
562 3873 685 3925 similiter
709 3911 1282 3923 ................
1307 3874 1332 3924 ti.
1352 3871 1410 3925 xvl

232 3963 253 4012 Α
273 3965 385 4027 quodam
408 3961 493 4013 Stheil
510 3963 535 4012 in
555 3962 670 4026 ln'anych
706 3998 1280 4013 ................
1304 3960 1329 4013 tl.
1349 3960 1370 4010 ll

233 4051 298 4101 ltem
317 4052 349 4100 de
368 4050 435 4101 vinis
455 4056 481 4101 et
501 4051 580 4101 rebus
600 4050 718 4100 eiusdem
738 4048 860 4111 venditis,
880 4049 970 4099 habuit
988 4087 1279 4098 .........
1304 4048 1329 4101 ll.
1349 4047 1428 4099 XXIX

788 4171 893 4223 Summa
912 4173 1097 4237 percepcionis
1117 4140 1180 4222 lacit
1205 4212 1210 4222 .
1240 4211 1245 4222 .
1275 4212 1280 4222 .
1306 4171 1498 4222 nvllcxxvl

792 4347 941 4398 Exitus:

250 4473 413 4525 Prelatarum
439 4473 607 4537 pecuniarum
627 4478 706 4536 prout
725 4474 750 4522 in
770 4475 930 4522 testamento
950 4471 1068 4521 eiusdem
1088 4470 1207 4534 magistri
1228 4469 1301 4520 Pauli
1322 4469 1480 4521 continetur.

233 4579 361 4644 imprimis
382 4579 496 4629 ecclesie
517 4579 585 4628 beati
607 4576 732 4641 Stephani
753 4577 824 4642 regis
845 4577 926 4640 legati
952 4612 1278 4628 ..........
1303 4574 1327 4626 ll.
1347 4572 1416 4624 XXV

234 4665 284 4717 Pro
304 4666 526 4717 reverendissimo
547 4667 652 4717 domino
675 4666 806 4729 episcopo
814 4701 1281 4716 ..............
1305 4661 1330 4714 tl.
1351 4658 1422 4712 XXV

231 4754 269 4805 Ad
290 4759 408 4805 sanctum
428 4753 565 4805 Nicolaum
584 4752 714 4818 Zagrabie
742 4789 1032 4803 .........
1062 4777 1067 4788 ·
1099 4789 1103 4796 .
1131 4787 1278 4802 .....
1303 4750 1327 4802 ll.
1347 4749 1369 4799 V

233 4843 274 4892 Ad
294 4844 397 4893 beatam
417 4842 544 4907 virginem
565 4843 597 4892 de
616 4841 745 4891 Abbacin.
775 4866 781 4878 ·
811 4876 1101 4891 .........
1130 4857 1172 4890 ·.’.
1201 4877 1207 4890 .
1236 4876 1242 4890 .
1272 4876 1278 4890 .
1303 4838 1329 4890 ll.
1348 4834 1374 4885 V

1379 4923 1393 4950 Ι
