3472 5242
240 325 302 387 208
422 308 426 313 ⁵
663 326 737 384 Doc.
761 321 832 383 168.
857 359 898 368 -
923 327 977 385 Aa.
1002 339 1082 400 1520

241 551 427 615 huiusmodi
452 551 584 613 eosdem
609 553 857 635 compelleretis,
873 566 1004 635 propter
1027 571 1091 634 que
1111 553 1297 634 gravamina
1314 574 1332 616 a
1349 556 1510 639 plerisque

240 679 316 722 usus
338 659 590 721 mercanciarum
614 657 735 720 ibidem
756 659 1026 720 intermitteretur.
1051 658 1116 720 Alii
1142 678 1218 720 vero
1241 658 1280 720 ad
1306 659 1376 722 loca
1399 663 1503 724 aliena

241 765 437 827 diverterent
461 765 495 826 in
519 764 697 826 maximum
723 764 956 826 tricesimarum
979 764 1166 827 earumdem
1190 784 1226 827 ac
1250 764 1385 827 thelonii
1412 767 1513 829 dicto·

240 891 311 934 rum
335 870 574 953 exponencium
598 883 630 931 et
653 870 785 932 ecclesie
810 870 953 952 ipsorum
977 870 1057 932 inibi
1082 871 1166 951 exigi
1194 870 1282 932 soliti
1305 871 1511 954 dispendium

241 990 272 1040 et
294 977 461 1058 jacturam.
486 975 580 1037 Unde
605 995 665 1037 nos
688 976 854 1058 cupientes
881 975 1027 1038 subditos
1060 990 1187 1038 nostros
1211 996 1229 1038 a
1253 978 1379 1039 casibus
1410 979 1516 1039 noxiis

241 1083 446 1164 indempnes,
471 1095 506 1143 ut
528 1095 686 1160 tenemur,
711 1101 904 1164 preservare,
928 1083 1166 1165 commodaque
1182 1096 1213 1144 et
1229 1083 1382 1145 utilitates
1399 1103 1513 1146 eorum

242 1208 445 1271 promovere,
468 1187 615 1249 fidelitati
639 1201 742 1250 vestre
767 1188 880 1250 harum
904 1189 985 1251 serie
1011 1188 1193 1250 firmissime
1228 1189 1459 1250 committimus
1483 1203 1515 1251 et

242 1295 445 1374 mandamus,
462 1308 621 1376 quatenus
645 1295 808 1375 premissis
820 1295 864 1356 sic
878 1315 910 1356 se
925 1295 1127 1373 habentibus,
1146 1296 1320 1357 tricesimas
1339 1296 1515 1356 Maiestatis

242 1413 349 1469 nostre
374 1398 511 1482 prelatas
527 1400 567 1461 ab
592 1399 663 1476 hiis,
689 1400 744 1481 qui
777 1401 809 1461 in
842 1419 949 1462 aream
983 1401 1191 1482 capitularem
1223 1399 1382 1461 dictorum
1418 1420 1514 1482 expo-

242 1507 392 1569 nencium
416 1525 490 1568 cum
514 1508 609 1568 rebus
633 1520 664 1567 et
687 1506 847 1568 mercibus
871 1507 1014 1589 ipsorum
1040 1527 1097 1587 pro
1122 1520 1267 1588 tempore
1292 1506 1508 1587 applicuerint

243 1612 363 1675 ibidem
387 1613 524 1694 exigere,
548 1625 579 1673 et
603 1612 786 1673 nullatenus
809 1612 850 1673 ad
874 1613 1034 1674 civitatem
1060 1613 1234 1674 Maiestatis
1249 1625 1365 1695 ‘nostre
1390 1613 1513 1673 montis

244 1717 414 1782 Grecensis
436 1716 591 1800 prefatam
617 1717 704 1798 ipsos
737 1717 854 1779 invitos
884 1738 957 1780 cum
990 1719 1085 1780 rebus
1117 1731 1147 1778 et
1180 1717 1368 1779 nrercanciis
1400 1737 1513 1779 eorum

243 1822 436 1906 compellere
462 1822 615 1885 debeatis.
642 1823 740 1884 Secus
774 1837 871 1905 prout>
901 1824 1162 1905 indignacionem
1196 1822 1371 1885 Maiestatis
1406 1837 1512 1885 nostre

244 1931 341 1991 vitare
367 1929 534 1991 volueritis
557 1929 646 1990 nulla
676 1929 803 1990 racione
836 1928 958 1992 facturi.
996 1930 1199 2002 Presentibus
1236 1929 1394 2011 perlectis,
1426 1929 1512 1989 exhi-

243 2036 329 2097 benti
354 2035 515 2097 restitutis.
542 2021 659 2095 Datum
685 2034 776 2096 Bude
801 2033 880 2097 feria
904 2036 1002 2098 tercia
1026 2036 1170 2117 proxima
1196 2048 1268 2116 post
1293 2033 1411 2095 festum
1440 2035 1514 2095 visi·

242 2142 378 2204 tacionis
402 2141 583 2203 beatissime
609 2141 742 2221 virginis
766 2141 879 2220 Marie,
897 2142 956 2203 sub
981 2162 1066 2203 anno
1084 2142 1206 2203 domini
1225 2141 1400 2203 millesimo
1419 2141 1513 2222 quin-

245 2249 425 2330 gentesimo
449 2246 616 2328 vigesimo.

353 2387 489 2452 Originale
510 2388 535 2438 in
555 2387 652 2439 charta.
673 2386 699 2436 ln
721 2387 837 2451 margine
857 2387 976 2437 inleriori
1010 2387 1167 2451 impressum
1187 2393 1228 2438 est
1247 2388 1373 2452 sigillum.
1396 2383 1424 2436 ln
1444 2387 1507 2436 areb

245 2491 304 2529 ven.
325 2477 403 2541 capit.
424 2477 530 2540 zagrab.
550 2477 609 2527 Act.
631 2476 693 2540 Cap.
714 2476 772 2526 Aut.
793 2476 858 2528 fasc.
881 2478 919 2528 10.
940 2491 978 2526 nr.
1001 2476 1041 2526 52.

836 2758 918 2823 168.

350 2916 522 2969 Ann01520.
545 2917 584 2967 18.
604 2916 773 2979 septembris.
794 2914 950 2980 Zagrabiae.

244 3061 272 3118 A
294 3060 416 3135 capitula
439 3061 557 3135 aegrab.
582 3061 699 3134 collegae
722 3061 1010 3119 praebendariorum
1033 3054 1157 3118 edantur
1179 3061 1236 3116 dua
1251 3064 1396 3133 exscripta
1419 3059 1511 3132 diplo-

244 3177 333 3242 mata,
364 3168 467 3242 quibus
497 3157 628 3224 ecclcsiae
661 3165 839 3226 cathedralis
863 3167 1078 3225 Praebendarir'
1106 3187 1125 3223 a
1148 3167 1255 3223 decerna
1278 3168 1361 3238 episc.
1394 3165 1513 3237 aagrab.

713 3274 851 3331 solvenda
876 3274 1045 3331 liberantur.

351 3414 417 3474 Nos
441 3412 617 3493 capitulum
642 3412 775 3474 ecclesie
800 3413 1025 3493 zagrabiensis.
1060 3412 1216 3472 Memoris
1249 3411 1514 3472 commendamus

245 3533 355 3580 tenore
391 3518 592 3599 presencium
629 3517 854 3599 significantes,
887 3518 1006 3599 quibus
1043 3516 1171 3598 expedit
1208 3516 1373 3576 universis.
1416 3516 1513 3587 Quod

247 3625 445 3686 honorabilis
471 3623 624 3685 Nicolaus
661 3622 700 3684 de
733 3625 890 3684 Rakonok
922 3624 1063 3684 decanus
1096 3637 1126 3683 et
1158 3622 1388 3703 prebendarius
1427 3620 1514 3681 chori

247 3730 377 3792 ecclesie
402 3743 509 3790 nostre
534 3729 749 3809 zagrabiensis
774 3728 805 3789 in
830 3748 886 3789 sua
911 3748 946 3788 ac
978 3729 1081 3789 tocius
1115 3727 1354 3788 communitatis
1387 3726 1514 3806 collegii

247 3849 277 3896 et
301 3835 586 3915 prebendariorum
611 3853 670 3894 nec
695 3853 761 3895 non
784 3833 996 3895 altaristarum
1030 3832 1173 3894 eiusdem
1207 3832 1338 3893 ecclesie
1370 3831 1516 3913 personis

246 3953 386 4000 nostram
411 3941 621 4020 personaliter
644 3940 776 3999 veniens
801 3939 833 3998 in
858 3939 1056 4019 presenciam
1092 3937 1236 4000 exhibuit
1268 3951 1298 3998 et
1322 3937 1516 4018 presentavit

180 4092 186 4099 .
246 4045 338 4105 nobis
348 4045 503 4125 quasdam
514 4046 605 4105 binas
614 4045 744 4120 litteras,
754 4063 833 4104 unas
843 4044 1098 4105 reverendissimi
1111 4043 1248 4105 condam
1259 4045 1342 4105 bone
1355 4043 1512 4103 memorie

247 4149 370 4210 domini
396 4149 534 4226 Andree,
559 4149 609 4208 dei
635 4162 665 4208 et
689 4149 864 4229 apostolice
885 4149 970 4209 sedis
993 4150 1099 4229 gracia
1124 4150 1265 4230 episcopi
1299 4149 1430 4209 ecclesie
1463 4168 1514 4208 za·

246 4254 423 4334 grabiensis
435 4252 576 4334 prelate;
610 4253 726 4313 alteras
739 4253 886 4314 similiter
911 4254 1167 4315 reverendissimi
1193 4255 1271 4315 olim
1296 4255 1347 4335 pie
1368 4254 1514 4315 reminis·

247 4360 355 4419 cencie
380 4359 505 4420 domini
544 4358 699 4421 lobannis
723 4359 834 4420 eadem
872 4360 922 4420 dei
948 4374 979 4420 et
1013 4360 1189 4441 apostolice
1224 4360 1309 4420 sedis
1342 4360 1447 4444 gracia
1480 4379 1515 4421 ac
1596 4346 1600 4354 ¹

248 4464 395 4526 similiter
441 4465 582 4546 episcopi
620 4465 765 4526 eiusdem
813 4466 956 4544 ecclesie,
991 4466 1124 4527 modum
1159 4479 1190 4526 et
1226 4464 1361 4526 formam
1409 4466 1514 4525 cuius·

248 4569 321 4629 dam
347 4570 563 4650 exempcionis
601 4584 632 4631 et
656 4571 873 4633 libertacionis
910 4573 942 4632 in
978 4593 1010 4632 se
1035 4573 1235 4632 continentes
1259 4585 1289 4631 et
1325 4571 1515 4632 denotantes

248 4675 368 4735 tenoris
392 4674 592 4757 infrascripti,
618 4677 649 4737 in
678 4696 873 4758 pergameno
906 4691 1050 4758 patenter
1085 4675 1246 4738 confectas
1277 4689 1308 4736 et
1341 4689 1515 4754 emanatas,

248 4778 426 4862 sigillisque
450 4781 628 4844 eorundem
653 4795 748 4864 prout
772 4782 875 4863 prima
899 4781 980 4873 facie
1004 4783 1178 4864 apparebat
1195 4782 1226 4843 in
1245 4780 1395 4863 pendenti
1425 4780 1514 4862 sigil-
