3472 5242
658 358 730 419 Doc.
754 355 827 432 189.
853 391 891 400 —
916 360 974 419 An.
998 370 1086 437 1524.

834 584 918 650 189.

346 742 424 792 Anno
446 740 520 792 1524.
542 741 565 794 7.
586 741 721 794 februarii.
739 739 897 807 anrabiae.

246 866 349 925 Coram
372 870 500 942 capetulo
521 869 644 946 zagrab.
668 870 761 943 legati
773 871 981 928 communitatis
996 873 1121 929 civitatis
1142 880 1243 928 contra
1266 891 1500 950 unumquemque,

232 976 391 1047 praecipue
412 983 512 1032 cotnra
536 976 740 1048 Margaretane
766 976 885 1050 Hening
904 984 935 1034 ct
956 976 1132 1050 Stephanum
1156 977 1306 1036 Deeshnzi
1326 981 1380 1052 qni
1399 980 1503 1038 Petro·

241 1081 341 1137 trinam
353 1088 381 1138 et
397 1062 621 1158 Sitjitkoznimen,
626 1086 821 1154 possessiones
844 1083 969 1140 civitatis
980 1083 1134 1158 vindicant,
1144 1085 1367 1142 intercessionem
1374 1087 1502 1159 faciunt.

346 1221 412 1281 Nos
435 1220 610 1303 capitulum
635 1220 766 1282 ecclesie
790 1221 1014 1301 zagrabiensis.
1047 1222 1203 1283 Memorie
1237 1223 1503 1286 commendamus

240 1346 297 1408 per
320 1341 491 1409 presentes,
525 1327 612 1408 quod
646 1327 772 1388 nobiles
806 1340 837 1387 et
860 1327 1079 1410 circumspecti
1114 1327 1251 1389 Michael
1283 1327 1390 1409 judex,
1425 1330 1504 1391 alter

241 1432 378 1495 Michael
404 1432 626 1515 Opprasnych‚
651 1433 817 1494 Emericus
840 1433 995 1495 litteratus
1013 1448 1043 1495 et
1061 1434 1186 1495 Marcus
1204 1434 1346 1516 Posegay
1364 1436 1504 1497 seniores

192 1584 198 1592 .
239 1538 361 1619 judices
385 1552 415 1599 et
437 1539 522 1600 cives
545 1538 681 1600 civitatis
704 1539 823 1601 montis
847 1537 1016 1601 Grecensis
1040 1540 1071 1601 in
1089 1539 1154 1600 suis
1177 1560 1213 1601 ac
1234 1540 1337 1601 tocius
1360 1560 1503 1603 commu·
1544 1607 1546 1612 .

239 1644 345 1706 nitatis
369 1644 505 1706 civitatis
529 1644 673 1705 eiusdem
700 1645 844 1727 personis
868 1660 1008 1707 nostram
1035 1645 1243 1726 personaliter
1274 1646 1438 1708 venientes
1470 1647 1501 1707 in

239 1751 447 1832 presenciam,
470 1751 709 1813 serenissimum
733 1752 910 1833 principem
943 1766 974 1813 et
997 1752 1178 1828 dominum,
1202 1752 1369 1813 dominum
1396 1753 1502 1815 Ludo·

238 1857 346 1918 uicum
371 1856 421 1918 dei
446 1857 552 1938 gracia
576 1876 684 1936 regem
700 1857 864 1938 Hungarie
882 1872 913 1919 et
926 1857 1079 1919 Bohemie
1098 1870 1155 1919 etc.
1170 1857 1338 1918 dominum
1358 1872 1502 1919 nostrum

237 1962 550 2042 graciosissimuma
584 1963 775 2040 donacione,
808 1963 986 2047 collacione
1017 1977 1048 2024 et
1080 1982 1253 2023 consensus
1276 1963 1502 2039 adhibicione;

237 2067 439 2148 magnificam
465 2087 540 2129 vero
558 2068 725 2130 dominam
744 2068 977 2149 Margaretham
996 2067 1168 2150 Hmnyng,
1186 2068 1347 2148 magnifici
1365 2069 1501 2130 condam

238 2173 392 2234 Johannis
429 2173 541 2255 Banffy
577 2174 616 2234 de
651 2174 817 2235 Bolondos
853 2174 995 2235 relictam
1032 2194 1067 2235 ac
1103 2174 1265 2254 egregium
1304 2174 1500 2255 Stephanum

237 2279 403 2361 Deeshazy
416 2293 446 2340 et
458 2299 646 2361 generosam
657 2279 821 2342 dominam
833 2285 960 2341 Annam
974 2292 1129 2357 vocatam,
1146 2293 1326 2341 consortem
1344 2279 1501 2358 eiusdem,

237 2385 383 2467 aliosque
393 2386 554 2467 quoslibet
565 2386 704 2447 cuiusvis
716 2398 825 2463 status,
842 2385 1040 2446 condicionis
1056 2400 1087 2446 et
1103 2385 1338 2467 preeminencie
1356 2385 1502 2447 homines

238 2492 276 2552 ab
301 2492 528 2573 occupacione‚
552 2491 742 2553 detencione
767 2506 797 2552 et
821 2491 1067 2553 conservacione
1092 2491 1239 2552 totalium
1263 2491 1500 2572 possessionum

238 2597 449 2679 Pethrowyna
461 2610 491 2657 et
501 2597 716 2679 Sylalrowyna
727 2612 910 2658 vocatarum
929 2598 960 2658 in
977 2598 1131 2658 comitatu
1147 2597 1345 2677 zagrabiensi
1365 2597 1499 2658 existen-

236 2702 321 2764 cium
345 2703 405 2782 juri
430 2703 606 2765 eorundem
632 2704 880 2784 protestancium
904 2703 1121 2785 spectancium
1139 2717 1169 2763 et
1199 2703 1356 2783 pertinere
1381 2702 1499 2763 deben-

237 2809 322 2870 cium
346 2829 444 2891 seque
469 2810 555 2890 ipsos
578 2809 693 2891 quovis
728 2809 885 2890 exquisito
913 2809 1021 2871 colore
1046 2810 1077 2869 in
1111 2807 1293 2868 dominium
1326 2808 1501 2868 earundem

236 2916 473 2998 possessionum
497 2929 528 2976 et
551 2934 681 2977 suarum
717 2915 985 2997 pertinenciarum
1018 2913 1268 2990 intromissione,
1305 2912 1500 2993 ascripcione

236 3036 266 3085 et
291 3023 549 3105 perpetuacione,
574 3042 755 3104 usuumque
780 3037 810 3084 et
834 3021 994 3082 fructuum
1019 3041 1054 3082 ac
1079 3019 1297 3101 quarumlibet
1322 3017 1500 3079 utilitatum

237 3129 423 3191 earumdem
448 3128 657 3211 percepcione
681 3149 737 3190 seu
762 3126 1021 3210 percipilactione
1055 3125 1144 3186 lactis
1177 3124 1425 3206 quomodolibet
1449 3124 1500 3184 vel

236 3239 350 3300 fiendis
374 3236 502 3319 publice
529 3218 568 3297 et
592 3232 760 3296 manifeste
797 3234 1004 3295 inhibuerunt
1037 3229 1286 3293 contradicendo
1323 3244 1354 3290 et
1378 3243 1500 3289 contra-

236 3346 383 3407 dixerunt
408 3341 583 3403 inhibendo
607 3340 721 3401 harum
746 3353 925 3401 nostrarum
942 3339 1051 3420 vigore
1069 3317 1100 3398 et
1116 3336 1300 3397 testimonio
1323 3335 1499 3396 litterarum

236 3451 408 3512 mediante.
435 3448 550 3508 Datum
569 3446 619 3507 die
637 3445 801 3506 dominico
820 3447 966 3527 proximo
983 3456 1053 3525 post
1082 3442 1196 3503 festum
1214 3454 1319 3501 sancte
1338 3439 1499 3501 Dorothee

235 3556 366 3637 virginis
391 3569 421 3615 et
446 3553 591 3615 martiris.
616 3557 711 3612 Anno
728 3551 852 3613 domiui
878 3551 1050 3613 millesimo
1067 3547 1326 3629 quingentesimo
1343 3546 1499 3626 vigesimo

234 3677 358 3744 quartu.

342 3784 478 3849 Originule
498 3784 523 3834 in
543 3783 642 3832 charta.
670 3782 787 3843 Atergo
812 3778 953 3841 vestigium
982 3775 1105 3839 impressi
1131 3775 1222 3838 sigilli.
1249 3771 1276 3824 ln
1314 3773 1410 3823 nrclriv.
1439 3772 1499 3824 incl.

234 3876 320 3924 Accad
350 3873 442 3923 scient.
463 3870 566 3922 Slavor.
591 3870 680 3920 marid.
