<?xml version="1.0" encoding="UTF-8"?>
<!DOCTYPE html PUBLIC "-//W3C//DTD XHTML 1.0 Transitional//EN"
    "http://www.w3.org/TR/xhtml1/DTD/xhtml1-transitional.dtd">
<html xmlns="http://www.w3.org/1999/xhtml" xml:lang="en" lang="en">
 <head>
  <title>
</title>
<meta http-equiv="Content-Type" content="text/html;charset=utf-8" />
  <meta name='ocr-system' content='tesseract 3.04.00' />
  <meta name='ocr-capabilities' content='ocr_page ocr_carea ocr_par ocr_line ocrx_word'/>
</head>
<body>
  <div class='ocr_page' id='page_1' title='image "./monumentahistor12laszgoog_0199.png"; bbox 0 0 3472 5242; ppageno 0'>
   <div class='ocr_carea' id='block_1_1' title="bbox 257 314 1094 394">
    <p class='ocr_par' dir='ltr' id='par_1_1' title="bbox 257 314 1094 394">
     <span class='ocr_line' id='line_1_1' title="bbox 257 314 1094 394; baseline 0 -16"><span class='ocrx_word' id='word_1_1' title='bbox 257 316 297 378; x_wconf 76' lang='lat' dir='ltr'>as</span> <span class='ocrx_word' id='word_1_2' title='bbox 700 318 767 376; x_wconf 67' lang='lat' dir='ltr'>noc</span> <span class='ocrx_word' id='word_1_3' title='bbox 793 314 843 392; x_wconf 74' lang='lat'>65.</span> <span class='ocrx_word' id='word_1_4' title='bbox 862 352 898 360; x_wconf 90' lang='lat'><em>-</em></span> <span class='ocrx_word' id='word_1_5' title='bbox 930 322 984 377; x_wconf 64' lang='lat' dir='ltr'>Aa.</span> <span class='ocrx_word' id='word_1_6' title='bbox 1005 314 1094 394; x_wconf 75' lang='lat'><em>1508.</em></span> 
     </span>
    </p>
   </div>
   <div class='ocr_carea' id='block_1_2' title="bbox 1266 424 1517 432">
    <p class='ocr_par' dir='ltr' id='par_1_2' title="bbox 1266 424 1517 432">
     <span class='ocr_line' id='line_1_2' title="bbox 1266 424 1517 432; baseline 0.004 -1"><span class='ocrx_word' id='word_1_7' title='bbox 1266 424 1517 432; x_wconf 44' lang='grc' dir='ltr'>*ᾕ-</span> 
     </span>
    </p>
   </div>
   <div class='ocr_carea' id='block_1_3' title="bbox 256 542 1520 1154">
    <p class='ocr_par' dir='ltr' id='par_1_3' title="bbox 256 542 1520 1154">
     <span class='ocr_line' id='line_1_3' title="bbox 256 542 1520 626; baseline 0.002 -21"><span class='ocrx_word' id='word_1_8' title='bbox 256 557 383 605; x_wconf 86' lang='lat' dir='ltr'>octavas</span> <span class='ocrx_word' id='word_1_9' title='bbox 414 542 453 605; x_wconf 88' lang='lat' dir='ltr'>ad</span> <span class='ocrx_word' id='word_1_10' title='bbox 486 544 675 626; x_wconf 88' lang='lat' dir='ltr'>prescriptas</span> <span class='ocrx_word' id='word_1_11' title='bbox 705 543 825 605; x_wconf 89' lang='lat' dir='ltr'>eisdem</span> <span class='ocrx_word' id='word_1_12' title='bbox 857 545 946 625; x_wconf 89' lang='lat' dir='ltr'>regni</span> <span class='ocrx_word' id='word_1_13' title='bbox 979 545 1077 606; x_wconf 85' lang='lat' dir='ltr'>nostri</span> <span class='ocrx_word' id='word_1_14' title='bbox 1111 544 1282 606; x_wconf 88' lang='lat' dir='ltr'>Sciauonie</span> <span class='ocrx_word' id='word_1_15' title='bbox 1309 546 1400 606; x_wconf 84' lang='lat' dir='ltr'>banis</span> <span class='ocrx_word' id='word_1_16' title='bbox 1432 566 1520 608; x_wconf 92' lang='lat' dir='ltr'>more</span> 
     </span>
     <span class='ocr_line' id='line_1_4' title="bbox 256 649 1520 731; baseline 0.002 -20"><span class='ocrx_word' id='word_1_17' title='bbox 256 649 351 711; x_wconf 90' lang='lat' dir='ltr'>solito</span> <span class='ocrx_word' id='word_1_18' title='bbox 383 649 571 711; x_wconf 83' lang='lat' dir='ltr'><strong>rescribatis.</strong></span> <span class='ocrx_word' id='word_1_19' title='bbox 596 650 801 711; x_wconf 89' lang='lat' dir='ltr'>Presentibus</span> <span class='ocrx_word' id='word_1_20' title='bbox 833 650 989 731; x_wconf 79' lang='lat' dir='ltr'><strong>perlectis,</strong></span> <span class='ocrx_word' id='word_1_21' title='bbox 1023 650 1184 712; x_wconf 83' lang='lat' dir='ltr'>exhibenti</span> <span class='ocrx_word' id='word_1_22' title='bbox 1216 651 1377 713; x_wconf 89' lang='lat' dir='ltr'>restitutis.</span> <span class='ocrx_word' id='word_1_23' title='bbox 1402 651 1520 714; x_wconf 91' lang='lat' dir='ltr'>Datum</span> 
     </span>
     <span class='ocr_line' id='line_1_5' title="bbox 256 753 1520 838; baseline 0.004 -22"><span class='ocrx_word' id='word_1_24' title='bbox 256 755 347 817; x_wconf 90' lang='lat' dir='ltr'>Bude</span> <span class='ocrx_word' id='word_1_25' title='bbox 371 753 449 817; x_wconf 86' lang='lat' dir='ltr'>feria</span> <span class='ocrx_word' id='word_1_26' title='bbox 472 755 612 818; x_wconf 89' lang='lat' dir='ltr'>secunda</span> <span class='ocrx_word' id='word_1_27' title='bbox 637 757 781 837; x_wconf 86' lang='lat' dir='ltr'>proxima</span> <span class='ocrx_word' id='word_1_28' title='bbox 798 769 868 838; x_wconf 90' lang='lat' dir='ltr'>post</span> <span class='ocrx_word' id='word_1_29' title='bbox 885 754 1001 818; x_wconf 84' lang='lat' dir='ltr'>festum</span> <span class='ocrx_word' id='word_1_30' title='bbox 1017 757 1212 818; x_wconf 81' lang='lat' dir='ltr'>sanctissime</span> <span class='ocrx_word' id='word_1_31' title='bbox 1230 757 1407 820; x_wconf 80' lang='lat' dir='ltr'>Trinitatis.</span> <span class='ocrx_word' id='word_1_32' title='bbox 1424 762 1520 821; x_wconf 84' lang='lat' dir='ltr'>Anno</span> 
     </span>
     <span class='ocr_line' id='line_1_6' title="bbox 258 861 1012 943; baseline 0.001 -21"><span class='ocrx_word' id='word_1_33' title='bbox 258 861 383 923; x_wconf 93' lang='lat' dir='ltr'>domini</span> <span class='ocrx_word' id='word_1_34' title='bbox 406 861 580 924; x_wconf 78' lang='lat' dir='ltr'>millesImo</span> <span class='ocrx_word' id='word_1_35' title='bbox 605 862 864 943; x_wconf 90' lang='lat' dir='ltr'>quingentesimo</span> <span class='ocrx_word' id='word_1_36' title='bbox 887 875 1012 923; x_wconf 91' lang='lat' dir='ltr'>octavo.</span> 
     </span>
     <span class='ocr_line' id='line_1_7' title="bbox 870 984 1520 1068; baseline 0.006 -23"><span class='ocrx_word' id='word_1_37' title='bbox 870 984 1002 1046; x_wconf 88' lang='lat' dir='ltr'>Relacio</span> <span class='ocrx_word' id='word_1_38' title='bbox 1026 986 1168 1066; x_wconf 86' lang='lat' dir='ltr'>magistri</span> <span class='ocrx_word' id='word_1_39' title='bbox 1193 985 1331 1068; x_wconf 86' lang='lat' dir='ltr'>Philippi</span> <span class='ocrx_word' id='word_1_40' title='bbox 1356 987 1520 1068; x_wconf 84' lang='lat' dir='ltr'>prepositi,</span> 
     </span>
     <span class='ocr_line' id='line_1_8' title="bbox 934 1074 1415 1154; baseline 0.002 -19"><span class='ocrx_word' id='word_1_41' title='bbox 934 1074 1093 1135; x_wconf 80' lang='lat' dir='ltr'>secretarii</span> <span class='ocrx_word' id='word_1_42' title='bbox 1121 1074 1207 1154; x_wconf 86' lang='lat' dir='ltr'>regie</span> <span class='ocrx_word' id='word_1_43' title='bbox 1231 1075 1415 1136; x_wconf 88' lang='lat' dir='ltr'>Maiestatis.</span> 
     </span>
    </p>
   </div>
   <div class='ocr_carea' id='block_1_4' title="bbox 255 1212 1520 1367">
    <p class='ocr_par' dir='ltr' id='par_1_4' title="bbox 255 1212 1520 1367">
     <span class='ocr_line' id='line_1_9' title="bbox 364 1212 1520 1280; baseline 0.004 -17"><span class='ocrx_word' id='word_1_44' title='bbox 364 1212 504 1278; x_wconf 78' lang='lat' dir='ltr'>originale</span> <span class='ocrx_word' id='word_1_45' title='bbox 529 1213 554 1263; x_wconf 90' lang='lat' dir='ltr'>in</span> <span class='ocrx_word' id='word_1_46' title='bbox 580 1213 679 1266; x_wconf 88' lang='lat' dir='ltr'>charta.</span> <span class='ocrx_word' id='word_1_47' title='bbox 708 1213 734 1264; x_wconf 88' lang='lat' dir='ltr'>in</span> <span class='ocrx_word' id='word_1_48' title='bbox 760 1214 877 1280; x_wconf 79' lang='lat' dir='ltr'>margine</span> <span class='ocrx_word' id='word_1_49' title='bbox 904 1212 1024 1265; x_wconf 78' lang='lat' dir='ltr'>inferiori</span> <span class='ocrx_word' id='word_1_50' title='bbox 1048 1213 1205 1277; x_wconf 87' lang='lat' dir='ltr'>impressum</span> <span class='ocrx_word' id='word_1_51' title='bbox 1231 1220 1272 1265; x_wconf 90' lang='lat' dir='ltr'>est</span> <span class='ocrx_word' id='word_1_52' title='bbox 1291 1215 1407 1279; x_wconf 85' lang='lat' dir='ltr'>sigilium</span> <span class='ocrx_word' id='word_1_53' title='bbox 1427 1215 1520 1268; x_wconf 87' lang='lat' dir='ltr'>maius.</span> 
     </span>
     <span class='ocr_line' id='line_1_10' title="bbox 255 1299 760 1367; baseline -0.002 -13"><span class='ocrx_word' id='word_1_54' title='bbox 255 1302 283 1354; x_wconf 88' lang='lat' dir='ltr'>iu</span> <span class='ocrx_word' id='word_1_55' title='bbox 303 1299 419 1353; x_wconf 82' lang='lat' dir='ltr'>archivio</span> <span class='ocrx_word' id='word_1_56' title='bbox 439 1300 485 1352; x_wconf 88' lang='lat' dir='ltr'>lib.</span> <span class='ocrx_word' id='word_1_57' title='bbox 506 1316 562 1365; x_wconf 89' lang='lat' dir='ltr'>reg.</span> <span class='ocrx_word' id='word_1_58' title='bbox 584 1299 633 1353; x_wconf 85' lang='lat' dir='ltr'>oiv.</span> <span class='ocrx_word' id='word_1_59' title='bbox 653 1303 760 1367; x_wconf 82' lang='lat' dir='ltr'>zagrab.</span> 
     </span>
    </p>
   </div>
   <div class='ocr_carea' id='block_1_5' title="bbox 866 1550 926 1615">
    <p class='ocr_par' dir='ltr' id='par_1_5' title="bbox 866 1550 926 1615">
     <span class='ocr_line' id='line_1_11' title="bbox 866 1550 926 1615; baseline -0.067 0"><span class='ocrx_word' id='word_1_60' title='bbox 866 1550 926 1615; x_wconf 85' lang='lat'>65.</span> 
     </span>
    </p>
   </div>
   <div class='ocr_carea' id='block_1_6' title="bbox 361 1688 1612 1811">
    <p class='ocr_par' dir='ltr' id='par_1_6' title="bbox 361 1688 1612 1811">
     <span class='ocr_line' id='line_1_12' title="bbox 361 1688 805 1755; baseline 0.002 -14"><span class='ocrx_word' id='word_1_61' title='bbox 361 1690 436 1741; x_wconf 74' lang='lat' dir='ltr'>Anno</span> <span class='ocrx_word' id='word_1_62' title='bbox 459 1689 534 1755; x_wconf 81' lang='lat'>1508,</span> <span class='ocrx_word' id='word_1_63' title='bbox 554 1688 598 1741; x_wconf 88' lang='lat'>19.</span> <span class='ocrx_word' id='word_1_64' title='bbox 614 1689 690 1754; x_wconf 88' lang='lat' dir='ltr'>junii.</span> <span class='ocrx_word' id='word_1_65' title='bbox 709 1689 805 1742; x_wconf 75' lang='lat' dir='ltr'>budae.</span> 
     </span>
     <span class='ocr_line' id='line_1_13' title="bbox 1593 1780 1612 1811; baseline 0 0"><span class='ocrx_word' id='word_1_66' title='bbox 1593 1780 1612 1811; x_wconf 58' lang='lat' dir='ltr'>b*</span> 
     </span>
    </p>
   </div>
   <div class='ocr_carea' id='block_1_7' title="bbox 257 1815 1524 1997">
    <p class='ocr_par' dir='ltr' id='par_1_7' title="bbox 257 1815 1524 1997">
     <span class='ocr_line' id='line_1_14' title="bbox 261 1815 1524 1899; baseline -0.003 -23"><span class='ocrx_word' id='word_1_67' title='bbox 261 1816 618 1899; x_wconf 48' lang='lat' dir='ltr'>communitatencivitatis</span> <span class='ocrx_word' id='word_1_68' title='bbox 636 1822 783 1889; x_wconf 77' lang='lat' dir='ltr'>precante,</span> <span class='ocrx_word' id='word_1_69' title='bbox 812 1815 977 1873; x_wconf 82' lang='lat' dir='ltr'>Vladislaus</span> <span class='ocrx_word' id='word_1_70' title='bbox 999 1815 1156 1888; x_wconf 83' lang='lat' dir='ltr'>Hungarie</span> <span class='ocrx_word' id='word_1_71' title='bbox 1187 1823 1233 1875; x_wconf 81' lang='lat' dir='ltr'>etc.</span> <span class='ocrx_word' id='word_1_72' title='bbox 1257 1834 1320 1890; x_wconf 81' lang='lat' dir='ltr'>rex,</span> <span class='ocrx_word' id='word_1_73' title='bbox 1345 1815 1470 1872; x_wconf 82' lang='lat' dir='ltr'>concedit</span> <span class='ocrx_word' id='word_1_74' title='bbox 1489 1822 1524 1872; x_wconf 82' lang='lat' dir='ltr'>ut</span> 
     </span>
     <span class='ocr_line' id='line_1_15' title="bbox 257 1920 1520 1997; baseline -0.003 -16"><span class='ocrx_word' id='word_1_75' title='bbox 257 1924 367 1982; x_wconf 82' lang='lat' dir='ltr'>octavis</span> <span class='ocrx_word' id='word_1_76' title='bbox 382 1923 459 1996; x_wconf 75' lang='lat' dir='ltr'>sesti</span> <span class='ocrx_word' id='word_1_77' title='bbox 478 1922 716 1995; x_wconf 68' lang='lat' dir='ltr'>Epiphaniamm</span> <span class='ocrx_word' id='word_1_78' title='bbox 747 1921 867 1977; x_wconf 76' lang='lat' dir='ltr'>Dmrn&#39;m</span> <span class='ocrx_word' id='word_1_79' title='bbox 889 1939 986 1979; x_wconf 81' lang='lat' dir='ltr'>coram</span> <span class='ocrx_word' id='word_1_80' title='bbox 1009 1921 1092 1978; x_wconf 78' lang='lat' dir='ltr'>banis</span> <span class='ocrx_word' id='word_1_81' title='bbox 1118 1923 1220 1978; x_wconf 80' lang='lat' dir='ltr'>iterum</span> <span class='ocrx_word' id='word_1_82' title='bbox 1235 1922 1380 1997; x_wconf 76' lang='lat' dir='ltr'>Jiedicium</span> <span class='ocrx_word' id='word_1_83' title='bbox 1403 1921 1464 1988; x_wconf 76' lang='lat' dir='ltr'>fiat</span> <span class='ocrx_word' id='word_1_84' title='bbox 1486 1920 1520 1977; x_wconf 88' lang='lat' dir='ltr'>de</span> 
     </span>
    </p>
   </div>
   <div class='ocr_carea' id='block_1_8' title="bbox 256 2026 1517 2217">
    <p class='ocr_par' dir='ltr' id='par_1_8' title="bbox 256 2026 1517 2217">
     <span class='ocr_line' id='line_1_16' title="bbox 256 2026 1517 2103; baseline -0.002 -17"><span class='ocrx_word' id='word_1_85' title='bbox 256 2029 417 2087; x_wconf 80' lang='lat' dir='ltr'>Petrovt&#39;na</span> <span class='ocrx_word' id='word_1_86' title='bbox 445 2035 476 2087; x_wconf 84' lang='lat' dir='ltr'>et</span> <span class='ocrx_word' id='word_1_87' title='bbox 501 2026 688 2103; x_wconf 83' lang='lat' dir='ltr'>Siljakovina</span> <span class='ocrx_word' id='word_1_88' title='bbox 713 2027 946 2103; x_wconf 70' lang='lat' dir='ltr'>possessionibus,</span> <span class='ocrx_word' id='word_1_89' title='bbox 979 2027 1012 2084; x_wconf 89' lang='lat' dir='ltr'>de</span> <span class='ocrx_word' id='word_1_90' title='bbox 1041 2028 1143 2102; x_wconf 78' lang='lat' dir='ltr'>quibus</span> <span class='ocrx_word' id='word_1_91' title='bbox 1175 2035 1360 2085; x_wconf 72' lang='lat' dir='ltr'>conamunrtas</span> <span class='ocrx_word' id='word_1_92' title='bbox 1390 2027 1517 2084; x_wconf 80' lang='lat' dir='ltr'>civitatis</span> 
     </span>
     <span class='ocr_line' id='line_1_17' title="bbox 459 2120 1314 2217; baseline 0.002 -27"><span class='ocrx_word' id='word_1_93' title='bbox 459 2151 520 2190; x_wconf 85' lang='lat' dir='ltr'>cum</span> <span class='ocrx_word' id='word_1_94' title='bbox 545 2131 664 2209; x_wconf 76' lang='lat' dir='ltr'>Sophia,</span> <span class='ocrx_word' id='word_1_95' title='bbox 688 2120 787 2190; x_wconf 74' lang='lat' dir='ltr'>relicta</span> <span class='ocrx_word' id='word_1_96' title='bbox 810 2133 931 2206; x_wconf 82' lang='lat' dir='ltr'>Hening</span> <span class='ocrx_word' id='word_1_97' title='bbox 950 2133 984 2217; x_wconf 72' lang='lat' dir='ltr'>de</span> <span class='ocrx_word' id='word_1_98' title='bbox 1008 2132 1184 2207; x_wconf 77' lang='lat' dir='ltr'>Susedgrad,</span> <span class='ocrx_word' id='word_1_99' title='bbox 1209 2134 1314 2207; x_wconf 73' lang='lat' dir='ltr'>litigat.</span> 
     </span>
    </p>
   </div>
   <div class='ocr_carea' id='block_1_9' title="bbox 253 2269 1521 4888">
    <p class='ocr_par' dir='ltr' id='par_1_9' title="bbox 253 2269 1521 4888">
     <span class='ocr_line' id='line_1_18' title="bbox 358 2269 1519 2352; baseline -0.003 -20"><span class='ocrx_word' id='word_1_100' title='bbox 358 2270 556 2332; x_wconf 85' lang='lat' dir='ltr'>Wlsdisiaus</span> <span class='ocrx_word' id='word_1_101' title='bbox 580 2271 630 2331; x_wconf 93' lang='lat' dir='ltr'>dei</span> <span class='ocrx_word' id='word_1_102' title='bbox 654 2271 760 2352; x_wconf 84' lang='lat' dir='ltr'>gracia</span> <span class='ocrx_word' id='word_1_103' title='bbox 784 2291 837 2331; x_wconf 80' lang='lat' dir='ltr'>rex</span> <span class='ocrx_word' id='word_1_104' title='bbox 864 2270 1027 2352; x_wconf 88' lang='lat' dir='ltr'>Hungarie</span> <span class='ocrx_word' id='word_1_105' title='bbox 1048 2284 1080 2332; x_wconf 90' lang='lat' dir='ltr'>et</span> <span class='ocrx_word' id='word_1_106' title='bbox 1101 2271 1255 2333; x_wconf 75' lang='lat' dir='ltr'>bohemie</span> <span class='ocrx_word' id='word_1_107' title='bbox 1272 2284 1331 2332; x_wconf 90' lang='lat' dir='ltr'>etc.</span> <span class='ocrx_word' id='word_1_108' title='bbox 1351 2270 1374 2332; x_wconf 89' lang='lat' dir='ltr'>F</span> <span class='ocrx_word' id='word_1_109' title='bbox 1379 2269 1519 2332; x_wconf 88' lang='lat' dir='ltr'>ideiibus</span> 
     </span>
     <span class='ocr_line' id='line_1_19' title="bbox 254 2375 1519 2460; baseline -0.004 -20"><span class='ocrx_word' id='word_1_110' title='bbox 254 2378 369 2440; x_wconf 90' lang='lat' dir='ltr'>nostris</span> <span class='ocrx_word' id='word_1_111' title='bbox 393 2376 533 2460; x_wconf 88' lang='lat' dir='ltr'>capitulo</span> <span class='ocrx_word' id='word_1_112' title='bbox 557 2376 688 2438; x_wconf 87' lang='lat' dir='ltr'>ecclesie</span> <span class='ocrx_word' id='word_1_113' title='bbox 712 2377 926 2457; x_wconf 88' lang='lat' dir='ltr'>zagrabiensis</span> <span class='ocrx_word' id='word_1_114' title='bbox 950 2377 1085 2438; x_wconf 88' lang='lat' dir='ltr'>salutem</span> <span class='ocrx_word' id='word_1_115' title='bbox 1109 2390 1140 2437; x_wconf 89' lang='lat' dir='ltr'>et</span> <span class='ocrx_word' id='word_1_116' title='bbox 1160 2377 1311 2457; x_wconf 87' lang='lat' dir='ltr'>graciam.</span> <span class='ocrx_word' id='word_1_117' title='bbox 1330 2375 1519 2458; x_wconf 84' lang='lat' dir='ltr'>Expositum</span> 
     </span>
     <span class='ocr_line' id='line_1_20' title="bbox 256 2482 1519 2564; baseline -0.003 -19"><span class='ocrx_word' id='word_1_118' title='bbox 256 2484 357 2545; x_wconf 85' lang='lat' dir='ltr'>extitit</span> <span class='ocrx_word' id='word_1_119' title='bbox 389 2483 545 2544; x_wconf 89' lang='lat' dir='ltr'>Maiestati</span> <span class='ocrx_word' id='word_1_120' title='bbox 578 2495 684 2543; x_wconf 88' lang='lat' dir='ltr'>nostre</span> <span class='ocrx_word' id='word_1_121' title='bbox 716 2482 747 2543; x_wconf 93' lang='lat' dir='ltr'>in</span> <span class='ocrx_word' id='word_1_122' title='bbox 779 2483 923 2564; x_wconf 88' lang='lat' dir='ltr'>personis</span> <span class='ocrx_word' id='word_1_123' title='bbox 946 2482 1091 2544; x_wconf 87' lang='lat' dir='ltr'>fidelium</span> <span class='ocrx_word' id='word_1_124' title='bbox 1117 2495 1300 2544; x_wconf 91' lang='lat' dir='ltr'>nostrorum</span> <span class='ocrx_word' id='word_1_125' title='bbox 1324 2482 1519 2564; x_wconf 86' lang='lat' dir='ltr'>prudentum</span> 
     </span>
     <span class='ocr_line' id='line_1_21' title="bbox 255 2587 1520 2670; baseline -0.004 -18"><span class='ocrx_word' id='word_1_126' title='bbox 255 2603 287 2652; x_wconf 91' lang='lat' dir='ltr'>et</span> <span class='ocrx_word' id='word_1_127' title='bbox 318 2590 619 2670; x_wconf 89' lang='lat' dir='ltr'>circumspectorum</span> <span class='ocrx_word' id='word_1_128' title='bbox 651 2587 765 2667; x_wconf 89' lang='lat' dir='ltr'>judicis</span> <span class='ocrx_word' id='word_1_129' title='bbox 795 2601 825 2648; x_wconf 93' lang='lat' dir='ltr'>et</span> <span class='ocrx_word' id='word_1_130' title='bbox 856 2587 1043 2668; x_wconf 84' lang='lat' dir='ltr'>juratorum,</span> <span class='ocrx_word' id='word_1_131' title='bbox 1068 2602 1312 2669; x_wconf 88' lang='lat' dir='ltr'>ceterorumque</span> <span class='ocrx_word' id='word_1_132' title='bbox 1343 2587 1461 2649; x_wconf 91' lang='lat' dir='ltr'>civium</span> <span class='ocrx_word' id='word_1_133' title='bbox 1490 2599 1520 2648; x_wconf 92' lang='lat' dir='ltr'>et</span> 
     </span>
     <span class='ocr_line' id='line_1_22' title="bbox 256 2692 1520 2775; baseline -0.003 -19"><span class='ocrx_word' id='word_1_134' title='bbox 256 2694 493 2757; x_wconf 87' lang='lat' dir='ltr'>communitatis</span> <span class='ocrx_word' id='word_1_135' title='bbox 516 2694 651 2755; x_wconf 87' lang='lat' dir='ltr'>civitatis</span> <span class='ocrx_word' id='word_1_136' title='bbox 675 2708 780 2754; x_wconf 88' lang='lat' dir='ltr'>nostre</span> <span class='ocrx_word' id='word_1_137' title='bbox 805 2695 1020 2775; x_wconf 90' lang='lat' dir='ltr'>zagrabiensis</span> <span class='ocrx_word' id='word_1_138' title='bbox 1043 2694 1162 2755; x_wconf 91' lang='lat' dir='ltr'>montis</span> <span class='ocrx_word' id='word_1_139' title='bbox 1187 2692 1365 2772; x_wconf 73' lang='lat' dir='ltr'>Grecens&#39;u‚</span> <span class='ocrx_word' id='word_1_140' title='bbox 1383 2693 1520 2775; x_wconf 84' lang='lat' dir='ltr'>qualiter</span> 
     </span>
     <span class='ocr_line' id='line_1_23' title="bbox 255 2798 1520 2882; baseline -0.003 -19"><span class='ocrx_word' id='word_1_141' title='bbox 255 2801 334 2862; x_wconf 88' lang='lat' dir='ltr'>alias</span> <span class='ocrx_word' id='word_1_142' title='bbox 365 2800 425 2881; x_wconf 91' lang='lat' dir='ltr'>ipsi</span> <span class='ocrx_word' id='word_1_143' title='bbox 457 2800 622 2881; x_wconf 88' lang='lat' dir='ltr'>egregium</span> <span class='ocrx_word' id='word_1_144' title='bbox 655 2799 792 2860; x_wconf 91' lang='lat' dir='ltr'>condam</span> <span class='ocrx_word' id='word_1_145' title='bbox 824 2798 1003 2860; x_wconf 89' lang='lat' dir='ltr'>Johannem</span> <span class='ocrx_word' id='word_1_146' title='bbox 1036 2798 1221 2882; x_wconf 73' lang='lat' dir='ltr'>Hennyngh</span> <span class='ocrx_word' id='word_1_147' title='bbox 1247 2799 1286 2860; x_wconf 95' lang='lat' dir='ltr'>de</span> <span class='ocrx_word' id='word_1_148' title='bbox 1310 2798 1520 2860; x_wconf 86' lang='lat' dir='ltr'>Zomzedwar</span> 
     </span>
     <span class='ocr_line' id='line_1_24' title="bbox 255 2903 1519 2988; baseline -0.003 -21"><span class='ocrx_word' id='word_1_149' title='bbox 255 2906 382 2967; x_wconf 89' lang='lat' dir='ltr'>racione</span> <span class='ocrx_word' id='word_1_150' title='bbox 406 2918 437 2967; x_wconf 90' lang='lat' dir='ltr'>et</span> <span class='ocrx_word' id='word_1_151' title='bbox 461 2918 604 2988; x_wconf 87' lang='lat' dir='ltr'>pretextu</span> <span class='ocrx_word' id='word_1_152' title='bbox 630 2904 771 2966; x_wconf 85' lang='lat' dir='ltr'>indebite</span> <span class='ocrx_word' id='word_1_153' title='bbox 795 2905 1020 2987; x_wconf 87' lang='lat' dir='ltr'>occupacionis</span> <span class='ocrx_word' id='word_1_154' title='bbox 1042 2918 1073 2965; x_wconf 90' lang='lat' dir='ltr'>et</span> <span class='ocrx_word' id='word_1_155' title='bbox 1092 2903 1290 2965; x_wconf 91' lang='lat' dir='ltr'>detencionis</span> <span class='ocrx_word' id='word_1_156' title='bbox 1307 2903 1519 2985; x_wconf 86' lang='lat' dir='ltr'>quarumdam</span> 
     </span>
     <span class='ocr_line' id='line_1_25' title="bbox 254 3009 1519 3095; baseline -0.002 -22"><span class='ocrx_word' id='word_1_157' title='bbox 254 3012 492 3095; x_wconf 86' lang='lat' dir='ltr'>possessionum</span> <span class='ocrx_word' id='word_1_158' title='bbox 526 3011 668 3092; x_wconf 93' lang='lat' dir='ltr'>ipsorum</span> <span class='ocrx_word' id='word_1_159' title='bbox 702 3010 936 3091; x_wconf 82' lang='lat' dir='ltr'>exponencium</span> <span class='ocrx_word' id='word_1_160' title='bbox 969 3009 1182 3093; x_wconf 82' lang='lat' dir='ltr'>Pethrowyna</span> <span class='ocrx_word' id='word_1_161' title='bbox 1213 3025 1244 3071; x_wconf 91' lang='lat' dir='ltr'>et</span> <span class='ocrx_word' id='word_1_162' title='bbox 1279 3009 1519 3091; x_wconf 81' lang='lat' dir='ltr'>Syiiyaitowina</span> 
     </span>
     <span class='ocr_line' id='line_1_26' title="bbox 255 3113 1519 3197; baseline -0.002 -19"><span class='ocrx_word' id='word_1_163' title='bbox 255 3131 450 3195; x_wconf 88' lang='lat' dir='ltr'>vocatarum,</span> <span class='ocrx_word' id='word_1_164' title='bbox 475 3117 506 3178; x_wconf 93' lang='lat' dir='ltr'>in</span> <span class='ocrx_word' id='word_1_165' title='bbox 535 3116 687 3178; x_wconf 88' lang='lat' dir='ltr'>comitatu</span> <span class='ocrx_word' id='word_1_166' title='bbox 713 3116 910 3196; x_wconf 88' lang='lat' dir='ltr'>zagrabiensi</span> <span class='ocrx_word' id='word_1_167' title='bbox 935 3115 1126 3194; x_wconf 83' lang='lat' dir='ltr'>habitarum,</span> <span class='ocrx_word' id='word_1_168' title='bbox 1153 3116 1182 3176; x_wconf 94' lang='lat' dir='ltr'>in</span> <span class='ocrx_word' id='word_1_169' title='bbox 1209 3116 1406 3197; x_wconf 84' lang='lat' dir='ltr'>presenciam</span> <span class='ocrx_word' id='word_1_170' title='bbox 1430 3113 1519 3196; x_wconf 89' lang='lat' dir='ltr'>regni</span> 
     </span>
     <span class='ocr_line' id='line_1_27' title="bbox 256 3222 1521 3304; baseline -0.004 -18"><span class='ocrx_word' id='word_1_171' title='bbox 256 3224 354 3287; x_wconf 90' lang='lat' dir='ltr'>nostri</span> <span class='ocrx_word' id='word_1_172' title='bbox 380 3223 551 3284; x_wconf 89' lang='lat' dir='ltr'>Sciauonie</span> <span class='ocrx_word' id='word_1_173' title='bbox 586 3223 660 3283; x_wconf 92' lang='lat' dir='ltr'>bani</span> <span class='ocrx_word' id='word_1_174' title='bbox 685 3222 851 3283; x_wconf 78' lang='lat' dir='ltr'>traxissent</span> <span class='ocrx_word' id='word_1_175' title='bbox 875 3222 907 3282; x_wconf 92' lang='lat' dir='ltr'>in</span> <span class='ocrx_word' id='word_1_176' title='bbox 933 3241 1071 3299; x_wconf 88' lang='lat' dir='ltr'>causam,</span> <span class='ocrx_word' id='word_1_177' title='bbox 1096 3222 1127 3282; x_wconf 88' lang='lat' dir='ltr'>in</span> <span class='ocrx_word' id='word_1_178' title='bbox 1153 3241 1214 3302; x_wconf 90' lang='lat' dir='ltr'>qua</span> <span class='ocrx_word' id='word_1_179' title='bbox 1240 3222 1299 3304; x_wconf 94' lang='lat' dir='ltr'>ipsi</span> <span class='ocrx_word' id='word_1_180' title='bbox 1324 3235 1521 3303; x_wconf 85' lang='lat' dir='ltr'>exponentes</span> 
     </span>
     <span class='ocr_line' id='line_1_28' title="bbox 255 3326 1519 3409; baseline -0.002 -20"><span class='ocrx_word' id='word_1_181' title='bbox 255 3349 359 3407; x_wconf 86' lang='lat' dir='ltr'>exeo,</span> <span class='ocrx_word' id='word_1_182' title='bbox 382 3328 468 3409; x_wconf 91' lang='lat' dir='ltr'>quod</span> <span class='ocrx_word' id='word_1_183' title='bbox 495 3341 578 3388; x_wconf 91' lang='lat' dir='ltr'>certa</span> <span class='ocrx_word' id='word_1_184' title='bbox 597 3327 664 3406; x_wconf 89' lang='lat' dir='ltr'>jura</span> <span class='ocrx_word' id='word_1_185' title='bbox 683 3341 714 3388; x_wconf 93' lang='lat' dir='ltr'>et</span> <span class='ocrx_word' id='word_1_186' title='bbox 732 3327 909 3409; x_wconf 91' lang='lat' dir='ltr'>privilegia,</span> <span class='ocrx_word' id='word_1_187' title='bbox 926 3327 1094 3408; x_wconf 89' lang='lat' dir='ltr'>littereque</span> <span class='ocrx_word' id='word_1_188' title='bbox 1116 3340 1146 3387; x_wconf 87' lang='lat' dir='ltr'>et</span> <span class='ocrx_word' id='word_1_189' title='bbox 1166 3327 1313 3389; x_wconf 88' lang='lat' dir='ltr'>litteralia</span> <span class='ocrx_word' id='word_1_190' title='bbox 1331 3326 1519 3388; x_wconf 90' lang='lat' dir='ltr'>eorumdem</span> 
     </span>
     <span class='ocr_line' id='line_1_29' title="bbox 256 3431 1518 3514; baseline -0.002 -20"><span class='ocrx_word' id='word_1_191' title='bbox 256 3434 466 3496; x_wconf 89' lang='lat' dir='ltr'>instrumenta</span> <span class='ocrx_word' id='word_1_192' title='bbox 491 3431 610 3494; x_wconf 90' lang='lat' dir='ltr'>iactum</span> <span class='ocrx_word' id='word_1_193' title='bbox 631 3434 869 3494; x_wconf 89' lang='lat' dir='ltr'>nominatarum</span> <span class='ocrx_word' id='word_1_194' title='bbox 887 3434 1028 3514; x_wconf 91' lang='lat' dir='ltr'>ipsorum</span> <span class='ocrx_word' id='word_1_195' title='bbox 1051 3433 1286 3514; x_wconf 89' lang='lat' dir='ltr'>possessionum</span> <span class='ocrx_word' id='word_1_196' title='bbox 1305 3452 1402 3514; x_wconf 90' lang='lat' dir='ltr'>quam</span> <span class='ocrx_word' id='word_1_197' title='bbox 1419 3433 1518 3493; x_wconf 84' lang='lat' dir='ltr'>eciam</span> 
     </span>
     <span class='ocr_line' id='line_1_30' title="bbox 255 3538 1520 3620; baseline 0.001 -21"><span class='ocrx_word' id='word_1_198' title='bbox 255 3539 391 3600; x_wconf 90' lang='lat' dir='ltr'>aliorum</span> <span class='ocrx_word' id='word_1_199' title='bbox 417 3538 533 3620; x_wconf 78' lang='lat' dir='ltr'>jurium</span> <span class='ocrx_word' id='word_1_200' title='bbox 559 3538 881 3620; x_wconf 88' lang='lat' dir='ltr'>possessionariorum</span> <span class='ocrx_word' id='word_1_201' title='bbox 907 3539 993 3599; x_wconf 91' lang='lat' dir='ltr'>illius</span> <span class='ocrx_word' id='word_1_202' title='bbox 1017 3539 1152 3600; x_wconf 89' lang='lat' dir='ltr'>civitatis</span> <span class='ocrx_word' id='word_1_203' title='bbox 1176 3553 1281 3600; x_wconf 91' lang='lat' dir='ltr'>nostre</span> <span class='ocrx_word' id='word_1_204' title='bbox 1304 3539 1472 3620; x_wconf 74' lang='lat' dir='ltr'>tangentia</span> <span class='ocrx_word' id='word_1_205' title='bbox 1489 3552 1520 3600; x_wconf 97' lang='lat' dir='ltr'>et</span> 
     </span>
     <span class='ocr_line' id='line_1_31' title="bbox 255 3644 1519 3725; baseline 0 -21"><span class='ocrx_word' id='word_1_206' title='bbox 255 3645 495 3722; x_wconf 88' lang='lat' dir='ltr'>concernencia‚</span> <span class='ocrx_word' id='word_1_207' title='bbox 508 3658 652 3725; x_wconf 92' lang='lat' dir='ltr'>tempore</span> <span class='ocrx_word' id='word_1_208' title='bbox 675 3664 740 3725; x_wconf 90' lang='lat' dir='ltr'>quo</span> <span class='ocrx_word' id='word_1_209' title='bbox 759 3645 889 3706; x_wconf 89' lang='lat' dir='ltr'>illustris</span> <span class='ocrx_word' id='word_1_210' title='bbox 906 3644 1043 3706; x_wconf 92' lang='lat' dir='ltr'>condam</span> <span class='ocrx_word' id='word_1_211' title='bbox 1056 3645 1181 3705; x_wconf 90' lang='lat' dir='ltr'>Vlricus</span> <span class='ocrx_word' id='word_1_212' title='bbox 1194 3664 1302 3706; x_wconf 88' lang='lat' dir='ltr'>comes</span> <span class='ocrx_word' id='word_1_213' title='bbox 1315 3645 1398 3706; x_wconf 91' lang='lat' dir='ltr'>Cilie</span> <span class='ocrx_word' id='word_1_214' title='bbox 1412 3644 1519 3705; x_wconf 85' lang='lat' dir='ltr'>civita-</span> 
     </span>
     <span class='ocr_line' id='line_1_32' title="bbox 255 3750 1519 3831; baseline 0 -21"><span class='ocrx_word' id='word_1_215' title='bbox 255 3762 318 3810; x_wconf 89' lang='lat' dir='ltr'>tem</span> <span class='ocrx_word' id='word_1_216' title='bbox 352 3750 453 3831; x_wconf 90' lang='lat' dir='ltr'>ipsam</span> <span class='ocrx_word' id='word_1_217' title='bbox 478 3765 699 3831; x_wconf 82' lang='lat' dir='ltr'>expugnasset,</span> <span class='ocrx_word' id='word_1_218' title='bbox 724 3770 779 3831; x_wconf 83' lang='lat' dir='ltr'>per</span> <span class='ocrx_word' id='word_1_219' title='bbox 803 3751 979 3812; x_wconf 83' lang='lat' dir='ltr'>Alemanos</span> <span class='ocrx_word' id='word_1_220' title='bbox 1002 3751 1160 3827; x_wconf 88' lang='lat' dir='ltr'>distracta,</span> <span class='ocrx_word' id='word_1_221' title='bbox 1185 3752 1386 3831; x_wconf 89' lang='lat' dir='ltr'>alienateque</span> <span class='ocrx_word' id='word_1_222' title='bbox 1411 3763 1442 3810; x_wconf 90' lang='lat' dir='ltr'>et</span> <span class='ocrx_word' id='word_1_223' title='bbox 1465 3752 1519 3810; x_wconf 90' lang='lat' dir='ltr'>ab·</span> 
     </span>
     <span class='ocr_line' id='line_1_33' title="bbox 255 3853 1520 3938; baseline -0.001 -23"><span class='ocrx_word' id='word_1_224' title='bbox 255 3855 317 3916; x_wconf 84' lang='lat' dir='ltr'>iate</span> <span class='ocrx_word' id='word_1_225' title='bbox 343 3853 485 3932; x_wconf 82' lang='lat' dir='ltr'>luissent,</span> <span class='ocrx_word' id='word_1_226' title='bbox 504 3875 561 3916; x_wconf 88' lang='lat' dir='ltr'>nec</span> <span class='ocrx_word' id='word_1_227' title='bbox 586 3854 771 3916; x_wconf 90' lang='lat' dir='ltr'>habuissent</span> <span class='ocrx_word' id='word_1_228' title='bbox 795 3876 848 3938; x_wconf 89' lang='lat' dir='ltr'>pre</span> <span class='ocrx_word' id='word_1_229' title='bbox 877 3856 1025 3917; x_wconf 84' lang='lat' dir='ltr'>manibus</span> <span class='ocrx_word' id='word_1_230' title='bbox 1049 3855 1127 3936; x_wconf 89' lang='lat' dir='ltr'>jura,</span> <span class='ocrx_word' id='word_1_231' title='bbox 1146 3857 1264 3937; x_wconf 91' lang='lat' dir='ltr'>quibus</span> <span class='ocrx_word' id='word_1_232' title='bbox 1288 3875 1320 3917; x_wconf 88' lang='lat' dir='ltr'>se</span> <span class='ocrx_word' id='word_1_233' title='bbox 1345 3868 1376 3916; x_wconf 90' lang='lat' dir='ltr'>et</span> <span class='ocrx_word' id='word_1_234' title='bbox 1394 3874 1520 3915; x_wconf 89' lang='lat' dir='ltr'>causam</span> 
     </span>
     <span class='ocr_line' id='line_1_34' title="bbox 254 3959 1519 4043; baseline 0 -23"><span class='ocrx_word' id='word_1_235' title='bbox 254 3979 345 4021; x_wconf 88' lang='lat' dir='ltr'>suam</span> <span class='ocrx_word' id='word_1_236' title='bbox 370 3959 541 4021; x_wconf 85' lang='lat' dir='ltr'>defendere</span> <span class='ocrx_word' id='word_1_237' title='bbox 565 3981 620 4022; x_wconf 90' lang='lat' dir='ltr'>seu</span> <span class='ocrx_word' id='word_1_238' title='bbox 646 3981 834 4043; x_wconf 87' lang='lat' dir='ltr'>promovere</span> <span class='ocrx_word' id='word_1_239' title='bbox 860 3962 1039 4042; x_wconf 89' lang='lat' dir='ltr'>potuissent</span> <span class='ocrx_word' id='word_1_240' title='bbox 1064 3975 1172 4022; x_wconf 91' lang='lat' dir='ltr'>contra</span> <span class='ocrx_word' id='word_1_241' title='bbox 1197 3976 1227 4022; x_wconf 90' lang='lat' dir='ltr'>et</span> <span class='ocrx_word' id='word_1_242' title='bbox 1251 3962 1401 4022; x_wconf 86' lang='lat' dir='ltr'>adversus</span> <span class='ocrx_word' id='word_1_243' title='bbox 1418 3959 1519 4042; x_wconf 88' lang='lat' dir='ltr'>prei-</span> 
     </span>
     <span class='ocr_line' id='line_1_35' title="bbox 254 4065 1518 4149; baseline 0 -24"><span class='ocrx_word' id='word_1_244' title='bbox 254 4078 323 4126; x_wconf 92' lang='lat' dir='ltr'>tum</span> <span class='ocrx_word' id='word_1_245' title='bbox 348 4066 485 4126; x_wconf 84' lang='lat' dir='ltr'>condam</span> <span class='ocrx_word' id='word_1_246' title='bbox 511 4066 690 4128; x_wconf 85' lang='lat' dir='ltr'>iohannem</span> <span class='ocrx_word' id='word_1_247' title='bbox 716 4067 912 4149; x_wconf 84' lang='lat' dir='ltr'>Hennyngb,</span> <span class='ocrx_word' id='word_1_248' title='bbox 936 4067 1185 4128; x_wconf 87' lang='lat' dir='ltr'>succubuissent.</span> <span class='ocrx_word' id='word_1_249' title='bbox 1205 4067 1408 4148; x_wconf 88' lang='lat' dir='ltr'>Quapropter</span> <span class='ocrx_word' id='word_1_250' title='bbox 1433 4065 1518 4126; x_wconf 88' lang='lat' dir='ltr'>idem</span> 
     </span>
     <span class='ocr_line' id='line_1_36' title="bbox 255 4169 1520 4254; baseline 0.001 -24"><span class='ocrx_word' id='word_1_251' title='bbox 255 4172 392 4232; x_wconf 89' lang='lat' dir='ltr'>condam</span> <span class='ocrx_word' id='word_1_252' title='bbox 410 4169 571 4233; x_wconf 85' lang='lat' dir='ltr'>iohannes</span> <span class='ocrx_word' id='word_1_253' title='bbox 588 4172 772 4254; x_wconf 77' lang='lat' dir='ltr'>Hennyngh</span> <span class='ocrx_word' id='word_1_254' title='bbox 797 4173 972 4233; x_wconf 88' lang='lat' dir='ltr'>observatis</span> <span class='ocrx_word' id='word_1_255' title='bbox 996 4172 1111 4233; x_wconf 90' lang='lat' dir='ltr'>debitis</span> <span class='ocrx_word' id='word_1_256' title='bbox 1135 4187 1166 4234; x_wconf 91' lang='lat' dir='ltr'>et</span> <span class='ocrx_word' id='word_1_257' title='bbox 1190 4172 1353 4254; x_wconf 89' lang='lat' dir='ltr'>legittimis</span> <span class='ocrx_word' id='word_1_258' title='bbox 1376 4172 1520 4233; x_wconf 89' lang='lat' dir='ltr'>terminis</span> 
     </span>
     <span class='ocr_line' id='line_1_37' title="bbox 255 4275 1519 4359; baseline 0.002 -22"><span class='ocrx_word' id='word_1_259' title='bbox 255 4275 287 4337; x_wconf 90' lang='lat' dir='ltr'>in</span> <span class='ocrx_word' id='word_1_260' title='bbox 312 4296 461 4358; x_wconf 86' lang='lat' dir='ltr'>processu</span> <span class='ocrx_word' id='word_1_261' title='bbox 485 4276 668 4339; x_wconf 88' lang='lat' dir='ltr'>huiusmodi</span> <span class='ocrx_word' id='word_1_262' title='bbox 694 4298 786 4340; x_wconf 89' lang='lat' dir='ltr'>cause</span> <span class='ocrx_word' id='word_1_263' title='bbox 805 4279 989 4339; x_wconf 84' lang='lat' dir='ltr'>necessariis</span> <span class='ocrx_word' id='word_1_264' title='bbox 1012 4278 1165 4359; x_wconf 91' lang='lat' dir='ltr'>quasdam</span> <span class='ocrx_word' id='word_1_265' title='bbox 1188 4279 1305 4340; x_wconf 89' lang='lat' dir='ltr'>litteras</span> <span class='ocrx_word' id='word_1_266' title='bbox 1322 4278 1519 4340; x_wconf 90' lang='lat' dir='ltr'>adiudicato-</span> 
     </span>
     <span class='ocr_line' id='line_1_38' title="bbox 254 4383 1518 4465; baseline 0.002 -23"><span class='ocrx_word' id='word_1_267' title='bbox 254 4383 326 4459; x_wconf 90' lang='lat' dir='ltr'>rias,</span> <span class='ocrx_word' id='word_1_268' title='bbox 343 4383 595 4443; x_wconf 88' lang='lat' dir='ltr'>sentencionales</span> <span class='ocrx_word' id='word_1_269' title='bbox 619 4383 651 4444; x_wconf 91' lang='lat' dir='ltr'>in</span> <span class='ocrx_word' id='word_1_270' title='bbox 671 4384 834 4465; x_wconf 88' lang='lat' dir='ltr'>presencia</span> <span class='ocrx_word' id='word_1_271' title='bbox 855 4385 928 4445; x_wconf 92' lang='lat' dir='ltr'>bani</span> <span class='ocrx_word' id='word_1_272' title='bbox 947 4384 1032 4445; x_wconf 92' lang='lat' dir='ltr'>illius</span> <span class='ocrx_word' id='word_1_273' title='bbox 1048 4385 1138 4464; x_wconf 92' lang='lat' dir='ltr'>regni</span> <span class='ocrx_word' id='word_1_274' title='bbox 1156 4385 1254 4445; x_wconf 89' lang='lat' dir='ltr'>nostri</span> <span class='ocrx_word' id='word_1_275' title='bbox 1273 4384 1442 4445; x_wconf 89' lang='lat' dir='ltr'>Sciauonie</span> <span class='ocrx_word' id='word_1_276' title='bbox 1460 4403 1518 4465; x_wconf 94' lang='lat' dir='ltr'>pro</span> 
     </span>
     <span class='ocr_line' id='line_1_39' title="bbox 254 4488 1519 4571; baseline 0.002 -24"><span class='ocrx_word' id='word_1_277' title='bbox 254 4488 302 4547; x_wconf 92' lang='lat' dir='ltr'>sui</span> <span class='ocrx_word' id='word_1_278' title='bbox 327 4500 415 4568; x_wconf 91' lang='lat' dir='ltr'>parte</span> <span class='ocrx_word' id='word_1_279' title='bbox 447 4500 555 4549; x_wconf 91' lang='lat' dir='ltr'>contra</span> <span class='ocrx_word' id='word_1_280' title='bbox 588 4488 727 4570; x_wconf 84' lang='lat' dir='ltr'>prefatos</span> <span class='ocrx_word' id='word_1_281' title='bbox 751 4503 947 4570; x_wconf 85' lang='lat' dir='ltr'>exponentes</span> <span class='ocrx_word' id='word_1_282' title='bbox 972 4503 1170 4571; x_wconf 89' lang='lat' dir='ltr'>reportasset,</span> <span class='ocrx_word' id='word_1_283' title='bbox 1195 4509 1331 4570; x_wconf 88' lang='lat' dir='ltr'>quarum</span> <span class='ocrx_word' id='word_1_284' title='bbox 1356 4489 1519 4570; x_wconf 89' lang='lat' dir='ltr'>vigoribus</span> 
     </span>
     <span class='ocr_line' id='line_1_40' title="bbox 255 4592 1518 4677; baseline 0.002 -25"><span class='ocrx_word' id='word_1_285' title='bbox 255 4592 341 4653; x_wconf 92' lang='lat' dir='ltr'>idem</span> <span class='ocrx_word' id='word_1_286' title='bbox 363 4593 549 4676; x_wconf 89' lang='lat' dir='ltr'>prescriptas</span> <span class='ocrx_word' id='word_1_287' title='bbox 569 4595 784 4676; x_wconf 88' lang='lat' dir='ltr'>possessiones</span> <span class='ocrx_word' id='word_1_288' title='bbox 805 4595 946 4677; x_wconf 91' lang='lat' dir='ltr'>ipsorum</span> <span class='ocrx_word' id='word_1_289' title='bbox 964 4596 1197 4676; x_wconf 87' lang='lat' dir='ltr'>exponencium</span> <span class='ocrx_word' id='word_1_290' title='bbox 1215 4615 1273 4677; x_wconf 92' lang='lat' dir='ltr'>pro</span> <span class='ocrx_word' id='word_1_291' title='bbox 1289 4615 1321 4656; x_wconf 90' lang='lat' dir='ltr'>se</span> <span class='ocrx_word' id='word_1_292' title='bbox 1338 4596 1408 4677; x_wconf 89' lang='lat' dir='ltr'>ipso</span> <span class='ocrx_word' id='word_1_293' title='bbox 1425 4594 1518 4656; x_wconf 88' lang='lat' dir='ltr'>statui</span> 
     </span>
     <span class='ocr_line' id='line_1_41' title="bbox 255 4696 1518 4782; baseline 0.004 -25"><span class='ocrx_word' id='word_1_294' title='bbox 255 4696 358 4759; x_wconf 89' lang='lat' dir='ltr'>iacere</span> <span class='ocrx_word' id='word_1_295' title='bbox 382 4714 590 4780; x_wconf 89' lang='lat' dir='ltr'>procurasset,</span> <span class='ocrx_word' id='word_1_296' title='bbox 615 4720 694 4781; x_wconf 84' lang='lat' dir='ltr'>quas</span> <span class='ocrx_word' id='word_1_297' title='bbox 718 4700 803 4762; x_wconf 91' lang='lat' dir='ltr'>idem</span> <span class='ocrx_word' id='word_1_298' title='bbox 828 4700 984 4782; x_wconf 90' lang='lat' dir='ltr'>quamdiu</span> <span class='ocrx_word' id='word_1_299' title='bbox 1003 4702 1034 4761; x_wconf 91' lang='lat' dir='ltr'>in</span> <span class='ocrx_word' id='word_1_300' title='bbox 1052 4701 1200 4761; x_wconf 88' lang='lat' dir='ltr'>humanis</span> <span class='ocrx_word' id='word_1_301' title='bbox 1220 4701 1348 4762; x_wconf 88' lang='lat' dir='ltr'>vixisset</span> <span class='ocrx_word' id='word_1_302' title='bbox 1364 4720 1427 4762; x_wconf 92' lang='lat' dir='ltr'>una</span> <span class='ocrx_word' id='word_1_303' title='bbox 1445 4719 1518 4762; x_wconf 81' lang='lat' dir='ltr'>curn</span> 
     </span>
     <span class='ocr_line' id='line_1_42' title="bbox 253 4801 1517 4888; baseline 0.002 -23"><span class='ocrx_word' id='word_1_304' title='bbox 253 4801 390 4865; x_wconf 84' lang='lat' dir='ltr'>condam</span> <span class='ocrx_word' id='word_1_305' title='bbox 424 4805 552 4866; x_wconf 81' lang='lat' dir='ltr'>Andrea</span> <span class='ocrx_word' id='word_1_306' title='bbox 576 4805 772 4888; x_wconf 81' lang='lat' dir='ltr'>Hennyngh,</span> <span class='ocrx_word' id='word_1_307' title='bbox 796 4805 863 4867; x_wconf 83' lang='lat' dir='ltr'>filio</span> <span class='ocrx_word' id='word_1_308' title='bbox 896 4824 966 4885; x_wconf 93' lang='lat' dir='ltr'>suo,</span> <span class='ocrx_word' id='word_1_309' title='bbox 989 4805 1160 4882; x_wconf 82' lang='lat' dir='ltr'>tenuisset3</span> <span class='ocrx_word' id='word_1_310' title='bbox 1185 4819 1256 4888; x_wconf 84' lang='lat' dir='ltr'>post</span> <span class='ocrx_word' id='word_1_311' title='bbox 1284 4805 1517 4887; x_wconf 85' lang='lat' dir='ltr'>decessumque</span> 
     </span>
    </p>
   </div>
   <div class='ocr_carea' id='block_1_10' title="bbox 0 0 1740 5242">
    <p class='ocr_par' dir='ltr' id='par_1_10' title="bbox 0 0 1740 5242">
     <span class='ocr_line' id='line_1_43' title="bbox 0 0 1740 5242; baseline 0 0"><span class='ocrx_word' id='word_1_312' title='bbox 0 0 1740 5242; x_wconf 95' lang='lat' dir='ltr'> </span> 
     </span>
    </p>
   </div>
  </div>
 </body>
</html>
