3472 5242
679 330 754 388 Doc.
779 343 845 389 111.
869 363 912 372 —
936 331 993 389 An.
1018 341 1104 405 1515.

863 556 933 621 111.

371 697 446 747 Anno
469 697 543 762 1515,
565 698 604 748 19.
624 697 719 748 martii.
741 695 896 761 Zagrabiae.

386 823 580 882 Communitas
602 825 728 881 civitatis
749 824 880 880 deredens
901 823 936 880 de
950 826 1023 897 jure
1045 824 1160 881 abdicat
1180 843 1209 881 se
1231 842 1305 896 agro
1327 827 1422 899 Krog.

372 964 439 1023 Nos
473 963 686 1023 communitas
722 938 836 1043 regalis
872 962 990 1023 civium
1026 962 1161 1023 civitatis
1197 964 1314 1024 montis
1350 964 1529 1026 Grecensis.

269 1069 426 1130 Memorie
452 1068 718 1130 commendamus
741 1081 851 1130 tenore
875 1068 1075 1150 presencium
1100 1069 1313 1150 significantes
1337 1070 1455 1151 quibus
1479 1091 1531 1132 ex-

270 1175 360 1257 pedit
379 1176 544 1236 universis.
570 1174 667 1248 Quod
696 1175 843 1256 quamvis
868 1175 948 1252 lites,
973 1194 1066 1235 causa
1090 1187 1121 1234 et
1145 1195 1249 1253 cause,
1274 1175 1530 1237 differenciarum

268 1297 299 1344 et
322 1283 590 1344 controversionis
614 1282 745 1343 materie
770 1282 933 1343 internos
957 1283 996 1342 ab
1020 1301 1084 1342 una
1107 1302 1143 1342 ac
1167 1280 1359 1342 reverendos
1381 1281 1531 1342 dominos

268 1388 440 1449 canonicos
464 1401 494 1448 et
515 1388 690 1469 capitulum
710 1387 843 1448 ecclesie
864 1388 1077 1468 zagrabiensis
1094 1389 1133 1448 ab
1155 1387 1215 1448 alia
1234 1388 1386 1469 partibus,
1404 1387 1530 1448 racione

269 1507 299 1554 et
323 1507 466 1575 pretextu
490 1494 596 1554 totalis
620 1506 651 1555 et
675 1494 796 1575 integre
821 1493 1029 1574 possessionis
1054 1493 1163 1573 Krogh
1189 1506 1310 1570 vocate,
1328 1492 1408 1553 infra
1430 1492 1531 1553 claus-

269 1612 354 1660 trum
377 1600 476 1660 sancti
508 1599 633 1660 Nicolai
662 1597 852 1660 confessoris
876 1599 997 1659 ordinis
1022 1597 1153 1659 fratrum
1177 1599 1276 1659 sancti
1301 1598 1474 1676 Dominici,
1499 1599 1531 1659 in

270 1705 423 1766 comitatu
447 1705 644 1785 zagrabiensi
669 1705 840 1782 existentis,
862 1718 979 1782 exorte,
1001 1704 1163 1765 ventillate
1187 1718 1217 1765 et
1236 1705 1382 1765 suscitate
1405 1703 1532 1781 luerint,

270 1810 449 1892 exindeque
474 1830 581 1871 coram
605 1810 766 1892 personali
790 1811 952 1891 presencia
969 1810 1160 1871 serenissimi
1183 1810 1335 1892 principis
1351 1823 1382 1870 et
1398 1809 1533 1887 domini,

270 1916 393 1977 domini
419 1915 600 1993 Wladislai,
625 1915 676 1977 dei
699 1915 804 1995 gracia
830 1915 1005 1997 Hungarie,
1029 1915 1184 1977 Bohemte
1209 1930 1267 1979 etc.
1293 1917 1386 1995 regis,
1409 1915 1532 1976 domini

270 2023 369 2083 nostri
393 2021 630 2101 graciosissimi,
660 2021 699 2082 ad
728 2034 830 2082 certos
854 2034 942 2082 actus
966 2021 1150 2101 judiciarios
1173 2041 1356 2104 processum
1380 2021 1533 2098 extiterit;

270 2141 378 2188 tamen
409 2127 484 2208 quia
518 2146 576 2187 nos
608 2127 771 2208 cupientes
803 2127 904 2207 magis
927 2128 1082 2189 zelatores
1105 2147 1172 2188 esse
1197 2128 1293 2209 pacis,
1318 2147 1415 2208 quam
1440 2128 1534 2187 semi·

231 2281 240 2301 ,
272 2248 397 2294 natores
422 2232 665 2310 discordiarum,
682 2252 835 2314 paceque,
856 2233 1039 2313 tranquille,
1063 2233 1170 2313 quiete
1195 2246 1225 2294 et
1245 2233 1346 2293 amice
1369 2252 1442 2293 cum
1459 2233 1535 2314 ipsis

272 2337 411 2399 dominis
442 2337 603 2398 canonicis
634 2352 664 2398 et
693 2337 833 2419 capitulo
862 2338 968 2400 vivere
993 2351 1023 2399 et
1045 2338 1113 2399 dies
1136 2339 1304 2416 deducere,
1330 2338 1388 2416 liti,
1413 2338 1534 2415 litibus,

272 2463 429 2524 causeque
447 2457 477 2504 et
493 2443 606 2521 causis,
624 2443 815 2504 differenciis
834 2457 865 2504 et
881 2445 1178 2505 controversionum
1197 2445 1336 2505 materiis
1353 2444 1534 2524 quomodo·

273 2569 410 2630 cumque
439 2563 478 2610 et'
501 2562 797 2630 quantumcumque
830 2550 957 2610 racione
989 2564 1018 2610 et
1042 2545 1209 2611 occasione
1234 2549 1329 2610 motis
1351 2549 1536 2631 simpliciter

273 2668 304 2716 et
324 2655 362 2716 de
388 2656 486 2736 plano
510 2655 654 2716 cedimus
677 2668 708 2715 et
723 2655 960 2735 renunciamus,
977 2668 1008 2716 et
1028 2655 1257 2716 nichilominus
1278 2656 1319 2715 ob
1340 2654 1535 2736 singularem
1580 2650 1583 2655 ’

273 2760 484 2822 devocionem
505 2761 570 2822 divi
588 2761 671 2840 regis
689 2759 841 2842 Stephani
859 2761 891 2821 in
908 2781 1011 2839 causa,
1034 2781 1099 2842 quo
1120 2760 1232 2822 eadem
1249 2760 1407 2842 possessio
1425 2759 1535 2841 Krogb

274 2880 395 2944 vocata,
424 2865 534 2927 luisset
565 2880 595 2926 et
619 2878 700 2926 esset
723 2866 805 2926 inter
828 2886 918 2927 veras
943 2879 1042 2927 metas
1066 2880 1096 2927 et
1120 2866 1237 2926 limites
1269 2867 1428 2926 bonorum
1462 2885 1535 2926 nos·

273 2985 394 3033 trorum
429 2972 764 3054 possessionariorum,
788 2985 891 3033 totum
921 2971 980 3051 jus,
1004 2991 1199 3052 omnemque
1234 2971 1310 3051 juris
1341 2985 1371 3032 et
1399 2971 1535 3032 dominii

273 3078 512 3160 proprietatem,
537 3098 634 3159 quam
660 3091 691 3139 et
716 3077 804 3159 quod
829 3078 861 3138 in
886 3078 997 3138 eadem
1021 3078 1111 3139 totali
1136 3091 1167 3139 et
1191 3077 1311 3158 integra
1336 3078 1536 3158 possessione

276 3183 385 3265 Krogh
419 3197 611 3266 nuncupata,
642 3183 771 3264 suisque
805 3183 927 3244 cunctis
950 3183 1154 3265 pertinenciis
1182 3183 1221 3243 ad
1245 3182 1380 3244 eandem
1406 3182 1445 3243 de
1471 3182 1537 3262 jure

275 3303 306 3350 et
340 3291 380 3350 ab
415 3291 549 3371 antiquo
584 3289 800 3371 spectantibus
831 3303 861 3350 et
893 3290 1050 3370 pertinere
1083 3288 1284 3367 debentibus,
1315 3287 1538 3348 habuissemus

275 3408 329 3455 aut
351 3395 467 3456 habere
488 3415 687 3477 speraremus
708 3394 942 3476 quoquomodo
964 3394 996 3455 in
1013 3394 1167 3472 futurum,
1185 3395 1216 3454 in
1234 3393 1373 3475 prelatos
1388 3393 1538 3454 dominos

214 3480 218 3487 ¹
276 3501 448 3562 canonicos
469 3514 500 3562 et
524 3501 699 3582 capitulum
725 3501 857 3562 ecclesie
881 3500 1095 3580 zagrabiensis
1115 3499 1334 3560 transtulimus
1357 3499 1454 3580 pleno
1470 3498 1537 3578 jure

276 3621 430 3687 perpetuo
447 3620 478 3667 et
494 3607 743 3667 irrevocabiliter
763 3626 819 3688 per
835 3606 965 3668 eosdem
983 3605 1112 3688 pacifice
1131 3620 1160 3666 et
1177 3606 1283 3686 quiete
1301 3604 1538 3686 possidendam,

276 3731 493 3773 successorum
527 3725 708 3773 nostrorum
741 3712 997 3774 contradiccione
1030 3712 1061 3772 in
1095 3711 1152 3773 hac
1177 3725 1264 3793 parte
1294 3730 1359 3771 non
1382 3711 1539 3788 obstante,

276 3836 413 3898 quorum
439 3837 535 3878 onera
560 3832 590 3878 et
613 3819 798 3897 gravamina
823 3818 854 3878 in
879 3838 937 3879 nos
961 3818 1187 3878 assummimus
1216 3816 1329 3876 harum
1358 3831 1538 3877 nostrarum

277 3924 386 4003 vigore
422 3936 453 3982 et
486 3923 671 3983 testimonio
707 3923 883 3984 litterarum
919 3923 1090 3984 mediante.
1130 3923 1247 3983 Datum
1286 3921 1362 3981 leria
1400 3921 1537 3982 secunda

278 4028 420 4109 proxima
446 4040 518 4088 ante
541 4027 656 4089 festum
677 4029 760 4088 beati
778 4027 941 4089 Benedicti
963 4029 1096 4090 abbatis.
1114 4033 1209 4088 Anno
1226 4027 1348 4087 domini
1368 4027 1540 4087 millesimo

279 4132 537 4214 quingentesimo
563 4133 815 4214 quintodecimo

389 4272 527 4337 Originale
547 4274 572 4323 in
591 4275 749 4325 membrana.
769 4275 793 4322 Α
812 4287 879 4324 zona
900 4275 969 4324 rubri
991 4279 1016 4324 et
1036 4273 1131 4325 vididis
1153 4274 1252 4323 coloris
1272 4275 1404 4336 appendet
1417 4273 1541 4336 sigillum,

278 4362 305 4412 ln
325 4362 421 4413 arehiv.
440 4375 499 4414 ven.
519 4362 599 4425 capit.
618 4362 725 4426 zagrab.
744 4363 798 4413 Act.
821 4362 884 4425 Cap.
904 4367 956 4415 ant.
978 4363 1041 4414 last.
1064 4365 1102 4414 10.
1123 4377 1161 4415 nr.
1185 4363 1207 4414 l.
