3472 5242
657 396 890 464 Drc.108‚-
916 402 971 458 An.
996 412 1083 478 1514.
1441 422 1499 484 127

242 504 495 511 —.-.-.—.—-
521 506 691 511 ——--
718 506 767 512 .-—
797 506 825 511 -
847 506 961 511 --—-—
994 506 1029 511 —-
1064 506 1500 516 —-——.—-.-——.—

237 624 343 703 messi,
367 645 403 686 ac
426 638 553 686 centum
579 625 717 707 plaustra
739 624 802 687 leni
824 624 930 688 falcati
947 640 978 689 et
994 628 1026 689 in
1044 648 1145 690 unum
1164 629 1317 690 cumulati
1334 629 1374 691 ad
1392 650 1502 692 currus

239 729 336 791 levari
362 745 392 793 et
416 731 532 794 abinde
567 732 686 793 iteratis
709 732 833 793 vicibus
844 734 1078 820 ⁸potencialiter
1101 735 1216 796 abduci
1241 755 1276 796 ac
1299 755 1365 817 quo
1389 756 1501 809 eorum

239 838 408 918 placuisset
428 839 585 900 voluntati
615 837 772 900 fecissent.
790 840 861 901 Hiis
878 860 942 901 non
960 842 1112 920 contenti,
1129 842 1268 904 sedecim
1286 842 1386 903 dietas
1402 862 1501 904 avene

239 943 343 1005 adhuc
367 944 513 1005 nondum
538 957 660 1005 mature
685 945 814 1006 ensibus
837 946 1013 1026 evaginatis
1037 960 1069 1009 et
1093 946 1221 1008 frameis
1243 947 1450 1010 succidissent
1467 967 1502 1009 ac

240 1050 401 1130 equitibus
432 1063 463 1111 et
494 1050 654 1132 peditibus
683 1050 825 1132 ipsorum
850 1052 1072 1114 contrivissent
1095 1066 1126 1114 et
1150 1053 1330 1115 conculcari
1356 1052 1503 1115 fecissent

240 1170 271 1218 et
306 1157 337 1217 in
373 1155 511 1217 nihilum
547 1136 743 1237 redegissent
777 1158 924 1238 potencia
958 1158 1130 1221 mediante.
1163 1159 1265 1221 Immo
1296 1159 1380 1222 mala
1411 1160 1504 1221 malis

240 1262 487 1342 accumulantes,
515 1282 579 1324 non
604 1277 748 1323 verentes
779 1263 887 1341 deum,
916 1276 988 1345 post
1011 1266 1256 1345 tergum‘etiam
1280 1266 1391 1348 positis
1414 1285 1504 1327 man-

241 1368 323 1430 datis
354 1369 441 1449 regie
467 1368 640 1429 Maiestatis
672 1389 707 1429 ac
732 1369 856 1430 domini
886 1371 971 1449 bani,
998 1371 1218 1452 vilipensaque
1243 1371 1451 1434 ordinacione
1475 1384 1506 1433 et

242 1487 359 1536 statuto
391 1475 480 1556 regni
514 1474 600 1535 illius
632 1475 731 1535 nostri
764 1475 946 1553 Sclauonie‚
970 1492 1171 1557 opponentes
1198 1498 1230 1539 se
1255 1490 1365 1538 contra
1388 1490 1505 1539 statum

243 1594 273 1642 et
305 1581 536 1662 rempublicam
568 1581 600 1641 in
632 1580 885 1642 destruccionem
918 1602 952 1642 ac
986 1582 1145 1643 excidium
1170 1583 1269 1664 ipsius
1292 1584 1381 1664 regni
1407 1584 1505 1645 nostri

243 1686 413 1748 Sclauonie
437 1700 580 1768 tempore
605 1687 637 1747 in
662 1686 776 1748 eodem
800 1702 865 1748 tam
891 1688 921 1748 in
945 1688 1063 1767 eundo,
1084 1709 1181 1770 quam
1205 1689 1382 1766 redeund0,
1404 1709 1505 1751 unum

244 1793 353 1874 palum
378 1805 506 1853 acutum
532 1793 629 1853 instar
652 1806 682 1854 et
703 1793 741 1853 ad
759 1792 893 1854 modum
911 1793 1057 1855 fictorum
1075 1792 1254 1855 infidelium
1271 1794 1505 1876 rebelliumque

244 1897 496 1977 Cruciferorum,
521 1899 576 1979 qui
602 1911 711 1960 contra
736 1899 935 1960 Maiestatem
960 1912 1100 1960 nostram
1122 1920 1157 1961 ac
1174 1913 1277 1961 totum
1294 1900 1355 1962 hoc
1372 1920 1506 1981 regnum

244 2017 390 2065 nostrum
413 2005 476 2066 iam
498 2005 528 2065 in
551 2005 697 2086 proximo
720 2024 808 2066 more
826 2004 933 2066 hostili
951 2004 1011 2066 hoc
1028 2025 1163 2085 regnum
1182 2019 1324 2067 nostrum
1341 2006 1506 2088 Hungarie

244 2112 439 2172 vastancium
466 2112 693 2189 insurexerant,
717 2124 790 2173 ante
818 2131 850 2172 se
876 2109 1022 2190 ferentes,
1045 2112 1150 2172 minas
1174 2111 1250 2193 ipsis
1274 2114 1508 2195 exponentibus

245 2218 457 2299 imponentes,
492 2218 643 2298 ipsosque
675 2216 813 2299 perfidos
849 2215 1032 2279 Cruciseros
1065 2231 1190 2279 nostros
1224 2232 1254 2280 et
1285 2220 1374 2301 regni
1408 2219 1507 2281 nostri

245 2324 389 2385 notorios
413 2323 558 2384 infideles
582 2336 612 2384 et
637 2324 761 2385 emulos
782 2324 822 2385 ad
847 2323 1047 2385 delecionem
1072 2336 1103 2385 et
1126 2324 1344 2406 perdicionem
1365 2326 1508 2407 ipsorum

246 2430 479 2512 exponencium
504 2430 534 2490 in
559 2429 713 2490 auxilium
738 2449 850 2491 eorum
875 2429 1062 2491 inducturos
1085 2430 1237 2492 adversus
1261 2431 1392 2492 eosdem
1412 2450 1508 2513 expo·

247 2552 357 2598 nentes
374 2536 478 2617 palam
496 2550 526 2596 ct
544 2535 709 2597 manifeste
728 2536 978 2617 proclamassent
996 2536 1026 2597 in
1045 2537 1270 2618 preiudicium,
1288 2538 1509 2618 damnumque

247 2656 277 2704 et
302 2643 528 2703 detrimentum
554 2662 589 2703 ac
613 2642 885 2724 periclitacionem
910 2643 1053 2723 ipsorum
1074 2644 1307 2724 exponencium
1325 2664 1361 2704 ac
1378 2643 1509 2705 ecclesie

248 2768 360 2809 eornm
393 2747 550 2809 antedicte
587 2746 803 2809 manifestum.
836 2748 1058 2829 Supplicatum
1085 2748 1191 2830 itaque
1216 2750 1317 2811 extitit
1341 2769 1398 2832 pro
1423 2762 1510 2831 parte

249 2855 347 2936 ipsius
383 2854 513 2936 capituli
550 2855 737 2935 exponentis
772 2867 877 2915 nostre
913 2855 1080 2932 Maiestati,
1113 2870 1146 2916 ut
1180 2856 1285 2917 eidem
1317 2876 1411 2938 super
1441 2876 1510 2938 pre·

249 2960 352 3021 missis
387 2961 427 3022 de
462 2960 624 3042 condigno
659 2959 803 3021 remedio
839 2959 1006 3040 providere
1043 2960 1258 3040 dignaremur.
1294 2962 1332 3022 Et
1364 2962 1439 3042 quia
1472 2961 1510 3021 de

249 3066 478 3128 consvetudine
504 3066 589 3128 illius
613 3067 700 3146 regni
727 3065 825 3126 nostri
851 3065 1020 3126 Sclauonie
1049 3066 1089 3126 ab
1113 3066 1191 3126 olim
1217 3068 1393 3156 omervata,
1418 3086 1511 3128 cause

251 3170 369 3233 lactum
394 3189 496 3233 novos
520 3187 609 3233 actus
633 3170 846 3253 potenciarios
869 3184 1045 3250 tangentes,
1064 3190 1128 3231 non
1153 3170 1252 3249 longo
1276 3171 1339 3232 litis
1364 3191 1512 3252 processu

250 3279 304 3340 sed
338 3279 369 3339 in
403 3278 711 3359 congregacionibus
742 3276 781 3336 ad
813 3276 976 3356 querelam
1009 3275 1173 3337 dumtaxat
1204 3277 1350 3357 primitus
1373 3276 1511 3338 liendam

251 3385 425 3465 adjudicari
451 3385 554 3445 solent
579 3398 608 3445 et
632 3383 769 3444 finaliter
792 3382 967 3459 terminari,
991 3379 1135 3442 fidelitati
1161 3382 1257 3462 igitur
1278 3395 1378 3443 vestre
1400 3382 1511 3443 harum

251 3492 330 3552 serie
356 3491 487 3551 tirmiter
511 3490 722 3571 precipientes
746 3488 946 3565 mandamus,
970 3500 1127 3567 quatenus
1154 3487 1290 3568 acceptis
1314 3488 1514 3569 presentibus

253 3618 310 3678 pro
333 3618 399 3658 uno
424 3611 509 3657 certo
532 3611 562 3657 et
587 3596 673 3656 brevi
698 3595 836 3656 termino
857 3593 1119 3674 congregacionis
1137 3592 1296 3674 generalis
1312 3606 1383 3673 post
1400 3592 1513 3654 harum

253 3703 487 3764 exhibitionem
503 3702 655 3782 Zugrabie
674 3701 820 3782 primitus
836 3699 1036 3777 celebrande,
1053 3699 1195 3780 partibus
1210 3699 1391 3780 prescriptis
1407 3718 1513 3759 coram

253 3810 343 3870 vobis
375 3808 503 3884 vocatis,
529 3808 637 3887 ibique
670 3807 787 3868 auditis
817 3806 991 3868 earundem
1026 3819 1234 3886 utrarumque
1267 3806 1409 3887 parcium
1442 3824 1514 3887 pro-

252 3914 481 3996 posicionibus,
505 3914 757 3993 allegationibus
788 3927 818 3973 et
850 3913 1020 3994 responsis,
1047 3911 1193 3972 admissis
1223 3911 1323 3972 eciam
1349 3912 1515 3993 quibusvis

254 4019 474 4100 probabilibus
498 4032 528 4079 et
553 4019 716 4098 legittimis
740 4018 941 4080 documentis
959 4017 1143 4078 earumdem
1162 4017 1316 4099 parcium,
1333 4030 1437 4098 partes
1458 4017 1516 4078 iter

254 4125 380 4186 easdem
417 4126 536 4185 bonum
570 4138 598 4184 et
631 4136 750 4185 rectum
783 4123 935 4203 judicium
965 4136 995 4184 et
1019 4123 1175 4203 justiciam
1200 4122 1301 4184 lacere
1326 4137 1356 4183 et
1380 4122 1515 4183 admini-

254 4246 351 4292 strare
376 4251 410 4291 ac
431 4230 560 4291 tandem
579 4230 731 4310 quicquid
750 4229 926 4309 judicantes
943 4229 1147 4290 decerneritis
1163 4229 1264 4290 eciam
1282 4229 1387 4289 debite
1404 4247 1516 4289 execu-

255 4339 338 4399 cioni
364 4336 548 4398 demandari
576 4336 677 4397 lacere
700 4335 851 4397 debeatis.
869 4335 1132 4396 Contradictione
1154 4335 1297 4417 parcium
1315 4334 1517 4396 sibimitenus

254 4445 284 4504 in
318 4444 375 4505 hac
400 4459 486 4525 parte
511 4443 640 4503 obviare
664 4462 728 4502 non
755 4441 889 4518 valente,
914 4442 1099 4502 auctoritate
1124 4455 1230 4502 nostra
1255 4441 1340 4522 regia
1367 4439 1457 4500 vobis
1484 4440 1517 4499 in

256 4550 313 4611 hac
338 4564 424 4631 parte
453 4549 612 4626 attributa,
634 4548 766 4628 jureque
791 4560 821 4608 et
841 4546 963 4627 justicia
986 4546 1157 4608 mediante.
1183 4546 1281 4609 Secus
1304 4566 1368 4607 non
1394 4543 1517 4606 facturi.

257 4656 459 4717 l'resentibus
491 4654 647 4737 perlectis,
679 4653 840 4715 exhibenti
872 4653 1032 4716 restitutis.
1058 4653 1175 4714 Datum
1207 4652 1297 4714 Bude
1331 4650 1408 4713 feria
1432 4663 1518 4711 sexta

256 4763 400 4844 proxima
425 4776 495 4844 post
520 4760 634 4822 lestum
660 4761 742 4822 beati
769 4758 985 4821 Bartholomei
1010 4759 1157 4841 apostoli.
1178 4764 1275 4820 Anno
1299 4757 1422 4818 domini
1447 4755 1518 4817 mil-

257 4868 371 4929 lesimo
388 4868 647 4949 quingentesimo
664 4880 777 4948 quarto
796 4866 932 4929 decimu.
951 4866 1136 4947 Regnorum
1159 4879 1339 4927 nostrorum
1354 4862 1518 4945 Hungarie

256 4989 315 5037 etc.
339 4994 424 5036 anno
447 4974 603 5055 vigesimo
627 4974 752 5055 quinto,
777 4971 930 5033 Bohemie
954 4992 1031 5034 vero
1055 4970 1301 5053 quadragesimo
1324 4970 1449 5051 quinto.
