3472 5242
607 297 682 358 Dec.
707 312 776 369 102,
801 313 870 376 103.
895 332 938 342 —
961 303 1017 361 An.
1041 313 1126 376 1512.

830 529 915 596 102.

344 669 419 722 Anno
442 670 516 736 1512,
539 671 577 723 lt.
597 672 768 735 septembris.
788 658 908 724 Casurae.

240 779 411 837 Franciscus
433 780 534 850 Kecer,
547 788 726 852 procurator
747 781 885 839 banorum
908 782 1083 855 episcopatus
1102 783 1306 857 zagrabiensis,
1321 785 1446 857 capitula
1465 782 1503 843 de

238 886 400 943 missalibus
424 886 554 943 Venetiae
575 888 647 961 ppis
668 886 816 960 descriptis
842 894 928 959 atque
958 887 992 944 dc
1014 888 1147 961 impensis
1168 889 1380 963 typographicis
1402 898 1500 963 suppe-

748 992 875 1050 ditandis
896 994 994 1068 refert.

346 1111 533 1173 Franciscus
557 1112 679 1173 Keczer
709 1111 749 1174 de
773 1112 921 1175 Raduan.
946 1112 1096 1192 Chasma,
1121 1114 1283 1176 dominica
1316 1129 1388 1177 ante
1418 1117 1501 1178 exul-

238 1216 392 1278 tationem
424 1229 530 1279 sancte
563 1217 685 1279 Crucis.
721 1217 1038 1280 »Reverendissimus
1070 1219 1222 1282 dominus
1252 1221 1370 1300 scribit,
1402 1236 1437 1283 ut
1468 1222 1500 1283 in
1564 1296 1566 1299 ¹

237 1322 470 1404 protectionem
502 1343 592 1384 suam
622 1335 786 1406 receptum
811 1325 967 1386 loannem
999 1345 1155 1406 generum
1179 1326 1330 1388 Vilhelmi
1360 1326 1501 1402 juvarem

238 1428 271 1489 in
303 1429 464 1508 omnibus,
488 1429 515 1490 is
547 1430 633 1491 venit
660 1430 803 1492 Venetiis
834 1450 906 1492 cum
940 1432 1133 1511 Missalibus,
1156 1452 1214 1514 pro
1246 1433 1364 1513 quibus
1392 1433 1500 1515 impri-

238 1534 363 1595 mendis
394 1555 469 1596 eum
500 1555 574 1597 cum
605 1555 763 1598 consensu
794 1550 898 1598 vestro
927 1537 1030 1598 Lucas
1058 1537 1223 1618 quondam
1255 1538 1424 1620 episcopus
1450 1559 1501 1600 za·

238 1640 414 1720 grabiensis
450 1642 600 1704 Venetias
634 1643 772 1720 miserat,
808 1643 858 1704 cui
894 1643 989 1705 etiam
1025 1644 1091 1706 Vos
1125 1663 1184 1725 pro
1221 1664 1257 1705 ea
1292 1645 1501 1726 impressione

237 1759 356 1809 certam
392 1767 551 1809 summam
585 1748 764 1828 mutuastis,
799 1749 854 1829 qui
890 1749 965 1830 quia
1001 1749 1101 1811 multa
1137 1749 1246 1831 fatigia
1281 1764 1312 1813 et
1346 1770 1498 1833 expensas

238 1852 335 1914 subiit
358 1853 527 1915 occasione
552 1853 620 1935 ejus
643 1854 749 1935 operis
768 1874 827 1936 pro
849 1855 964 1917 decore
985 1856 1186 1938 episcopatus
1202 1855 1307 1937 hujus,
1324 1876 1389 1917 non
1405 1856 1502 1919 habet

242 1978 328 2020 nunc
361 1960 447 2021 unde
464 1960 588 2038 solvat,
612 1960 759 2041 adeoque
786 1980 844 2042 pro
869 1975 974 2022 vestro
998 1961 1106 2023 debito
1130 1961 1182 2023 vel
1204 1963 1336 2044 accipite
1361 1963 1501 2024 Missalia

236 2064 287 2125 vel
308 2064 334 2126 si
356 2084 421 2126 non
444 2066 539 2127 vultis
559 2066 701 2147 accipere
723 2085 780 2148 pto
803 2066 898 2128 vadio
920 2067 1016 2128 etiam
1036 2067 1126 2149 plura
1149 2068 1299 2146 Missulia,
1315 2067 1500 2150 (expectate)

238 2191 407 2253 quousque
432 2172 486 2234 ille
510 2192 548 2234 ex
572 2173 610 2234 iis
633 2171 806 2234 divenditis
829 2173 900 2234 aliis
923 2193 1083 2237 summam
1106 2174 1230 2236 solvere
1254 2170 1430 2256 poterit.‹*)

342 2294 510 2348 Marcelovic'.
530 2295 656 2363 Regesta,
676 2303 703 2348 ut
722 2311 811 2360 supra.

236 2452 260 2523 *i
289 2454 432 2508 blissale
464 2457 602 2521 zagrab.
633 2453 811 2507 ecclesiae
842 2455 1000 2507 venetiis
1031 2456 1126 2521 typis
1157 2456 1287 2508 editum
1318 2457 1353 2508 in
1385 2458 1500 2509 fronte

653 2545 739 2596 banc
769 2544 940 2596 rubricam
969 2541 1081 2594 babet:

342 2651 451 2704 Missale
465 2654 607 2703 secuudum
621 2653 728 2703 chorum
741 2655 768 2702 et
781 2648 911 2702 rubricam
925 2651 987 2701 almi
999 2651 1170 2714 episcopatus
1180 2649 1367 2716 Zagrabiensis
1378 2652 1501 2715 ecclesie,

237 2744 390 2795 roboratum
410 2746 436 2794 et
456 2742 632 2806 approbatum
651 2741 677 2791 in
696 2754 772 2791 sacra
790 2741 894 2805 synodo
910 2745 937 2791 et
951 2739 1068 2804 generali
1082 2739 1198 2803 capitulo
1213 2742 1261 2790 sub
1276 2740 1499 2793 reverendissimo

238 2832 354 2896 domino,
374 2831 480 2882 domino
500 2829 570 2880 Luca
595 2828 725 2894 episcopo
745 2834 796 2881 etc.
815 2826 935 2880 Venetiis
955 2833 1042 2879 autem
1062 2842 1129 2880 anno
1150 2828 1247 2879 Christi
1270 2828 1344 2881 1509.
1364 2829 1496 2893 inceptum

236 2934 293 2970 cum
321 2925 397 2971 cantu
423 2925 449 2971 et
474 2920 564 2984 liguris
592 2918 705 2970 omnium
732 2917 904 2969 festivitatum
932 2931 962 2968 ac
982 2917 1178 2982 evangeliorum
1199 2931 1275 2982 quam
1295 2916 1500 2983 diligentissime

238 3008 387 3059 absolutum
407 3013 536 3060 esterno
559 3007 632 3059 1511.
653 3007 696 3058 die
715 3008 758 3057 20.
774 3007 854 3072 Junii.

342 3097 379 3161 (In
404 3097 501 3162 pagina
519 3096 674 3162 postrema).
700 3095 819 3158 Accipite
839 3095 941 3160 optimi,
960 3093 1152 3161 reverendique
1171 3099 1261 3159 patres
1281 3095 1389 3146 Missale
1408 3109 1499 3146 secun·

235 3187 295 3236 dum
322 3187 429 3238 chorum
456 3185 516 3236 almi
543 3185 714 3250 episcopatus
741 3182 923 3249 eagrabiensis
943 3183 1057 3234 ecclesie
1077 3197 1134 3234 cum
1154 3183 1245 3248 figuris
1266 3191 1292 3234 et
1311 3184 1419 3248 optimis
1440 3184 1498 3234 cba-

235 3275 382 3325 racteribus
403 3287 478 3339 quam
498 3274 673 3337 pulcherrime
692 3274 888 3337 perlustratum,
900 3273 975 3336 iussu
995 3276 1021 3322 et
1040 3269 1167 3335 impensis
1184 3285 1213 3322 ac
1229 3272 1375 3351 sumptibus
1393 3272 1498 3335 providi

237 3366 316 3428 atque
340 3361 442 3428 egregii
467 3362 516 3415 viri
539 3361 667 3428 Johanuis
686 3361 759 3412 Mirer
781 3361 846 3411 civis
869 3360 1060 3425 zagrabiensis,
1081 3360 1123 3426 qui
1143 3358 1269 3411 oriundus
1290 3365 1331 3411 est
1351 3359 1495 3411 Germanus

236 3452 269 3501 de
295 3447 454 3514 Kopptstaln
480 3464 512 3500 ex
537 3454 612 3514 patre
638 3455 724 3500 autem
751 3448 869 3514 Georgio
893 3447 965 3498 Miser
985 3446 1092 3510 Schoto,
1118 3447 1216 3498 ibidem
1240 3447 1356 3498 concivis
1385 3449 1444 3498 dum
1472 3448 1497 3499 in

235 3539 354 3590 humanis
380 3544 446 3589 erat.
465 3537 584 3588 venetiis
609 3537 734 3602 pervigili
758 3551 820 3587 cura
845 3550 978 3587 excusum.
1002 3536 1076 3585 Anno
1102 3534 1214 3599 virginei
1239 3539 1330 3599 partus
1360 3535 1433 3599 1511,
1453 3535 1495 3585 die

237 3628 280 3678 20.
298 3627 367 3695 Junii
386 3627 413 3678 in
432 3625 538 3677 oistciua
557 3625 627 3677 Petri
646 3624 850 3678 Liecbtenstein.

823 3871 910 3938 103.

340 4013 415 4066 Anno
436 4015 511 4079 1512,
531 4015 571 4066 30.
591 4011 750 4065 novembris.
770 4013 869 4065 Budae.

246 4123 419 4193 Vladislaus,
445 4124 547 4197 Hang.
575 4129 627 4183 etc.
650 4141 712 4191 rex,
739 4123 873 4195 episcopis
903 4122 1136 4196 sagrabiensibus
1161 4123 1254 4197 J'ubet,
1288 4129 1322 4181 ut
1354 4123 1502 4179 observent

233 4230 358 4304 capituli
371 4230 542 4309 privilegia,
558 4230 714 4302 praecipue
732 4229 812 4302 quad
830 4228 873 4285 ad
891 4228 1059 4286 hereditates
1079 4231 1284 4287 canonicarum
1301 4230 1498 4286 intestatorum

707 4334 876 4393 dividendas
894 4336 1030 4407 pertinet.

341 4459 408 4519 Nos
439 4456 638 4519 Wladislaus
672 4456 724 4519 dei
757 4457 862 4538 gracia
895 4477 948 4519 rex
985 4456 1150 4537 Hungarie
1186 4471 1217 4519 et
1249 4456 1404 4518 Bohemie
1438 4467 1498 4517 etc.

237 4563 393 4625 Memorie
416 4562 681 4625 commendamus
703 4575 814 4625 tenore
837 4563 1039 4645 presencium
1062 4561 1287 4644 significantes,
1305 4563 1422 4643 quibus
1446 4581 1497 4622 ex-

237 4667 326 4750 pedit
355 4669 520 4732 universis.
545 4668 643 4742 Quod
673 4688 731 4751 pro
755 4680 843 4751 parte
866 4681 897 4729 et
921 4668 953 4729 in
977 4667 1122 4749 personis
1145 4666 1290 4730 fidelium
1314 4680 1498 4729 nostrorum

235 4773 435 4837 honorabilis
470 4773 601 4857 capituli
633 4773 765 4838 ecclesie
795 4773 1010 4857 zagrabiensis
1043 4787 1149 4835 nostre
1180 4773 1213 4834 in
1246 4773 1330 4835 hunc
1362 4773 1496 4835 modum
