<?xml version="1.0" encoding="UTF-8"?>
<!DOCTYPE html PUBLIC "-//W3C//DTD XHTML 1.0 Transitional//EN"
    "http://www.w3.org/TR/xhtml1/DTD/xhtml1-transitional.dtd">
<html xmlns="http://www.w3.org/1999/xhtml" xml:lang="en" lang="en">
 <head>
  <title>
</title>
<meta http-equiv="Content-Type" content="text/html;charset=utf-8" />
  <meta name='ocr-system' content='tesseract 3.04.00' />
  <meta name='ocr-capabilities' content='ocr_page ocr_carea ocr_par ocr_line ocrx_word'/>
</head>
<body>
  <div class='ocr_page' id='page_1' title='image "./monumentahistor12laszgoog_0317.png"; bbox 0 0 3472 5242; ppageno 0'>
   <div class='ocr_carea' id='block_1_1' title="bbox 238 351 296 411">
    <p class='ocr_par' dir='ltr' id='par_1_1' title="bbox 238 351 296 411">
     <span class='ocr_line' id='line_1_1' title="bbox 238 351 296 411; baseline -0.017 0"><span class='ocrx_word' id='word_1_1' title='bbox 238 351 296 411; x_wconf 82' lang='lat'>186</span> 
     </span>
    </p>
   </div>
   <div class='ocr_carea' id='block_1_2' title="bbox 605 353 1127 431">
    <p class='ocr_par' dir='ltr' id='par_1_2' title="bbox 605 353 1127 431">
     <span class='ocr_line' id='line_1_2' title="bbox 605 353 1127 431; baseline 0.004 -21"><span class='ocrx_word' id='word_1_2' title='bbox 605 354 678 411; x_wconf 83' lang='lat' dir='ltr'>Doc.</span> <span class='ocrx_word' id='word_1_3' title='bbox 702 367 776 431; x_wconf 75' lang='lat'>149,</span> <span class='ocrx_word' id='word_1_4' title='bbox 803 366 868 428; x_wconf 81' lang='lat'>150.</span> <span class='ocrx_word' id='word_1_5' title='bbox 895 385 935 396; x_wconf 93' lang='grc'>-</span> <span class='ocrx_word' id='word_1_6' title='bbox 957 353 1015 413; x_wconf 83' lang='lat' dir='ltr'>An.</span> <span class='ocrx_word' id='word_1_7' title='bbox 1041 363 1127 429; x_wconf 87' lang='lat'><em>1517.</em></span> 
     </span>
    </p>
   </div>
   <div class='ocr_carea' id='block_1_3' title="bbox 233 579 1500 1704">
    <p class='ocr_par' dir='ltr' id='par_1_3' title="bbox 233 579 1500 1704">
     <span class='ocr_line' id='line_1_3' title="bbox 233 579 1497 663; baseline -0.002 -21"><span class='ocrx_word' id='word_1_8' title='bbox 233 601 269 642; x_wconf 91' lang='lat' dir='ltr'>ac</span> <span class='ocrx_word' id='word_1_9' title='bbox 291 601 421 663; x_wconf 86' lang='lat' dir='ltr'>presens</span> <span class='ocrx_word' id='word_1_10' title='bbox 445 594 525 642; x_wconf 90' lang='lat' dir='ltr'>esset</span> <span class='ocrx_word' id='word_1_11' title='bbox 546 581 743 662; x_wconf 84' lang='lat' dir='ltr'>integraliter</span> <span class='ocrx_word' id='word_1_12' title='bbox 765 580 959 663; x_wconf 90' lang='lat' dir='ltr'>respondere</span> <span class='ocrx_word' id='word_1_13' title='bbox 984 593 1015 642; x_wconf 90' lang='lat' dir='ltr'>et</span> <span class='ocrx_word' id='word_1_14' title='bbox 1039 579 1224 662; x_wconf 90' lang='lat' dir='ltr'>responderi</span> <span class='ocrx_word' id='word_1_15' title='bbox 1258 579 1360 640; x_wconf 84' lang='lat' dir='ltr'>facere</span> <span class='ocrx_word' id='word_1_16' title='bbox 1392 579 1497 641; x_wconf 91' lang='lat' dir='ltr'>velitis</span> 
     </span>
     <span class='ocr_line' id='line_1_4' title="bbox 234 685 1500 769; baseline -0.002 -20"><span class='ocrx_word' id='word_1_17' title='bbox 234 701 265 749; x_wconf 89' lang='lat' dir='ltr'>et</span> <span class='ocrx_word' id='word_1_18' title='bbox 288 687 441 765; x_wconf 84' lang='lat' dir='ltr'>debeatis,</span> <span class='ocrx_word' id='word_1_19' title='bbox 466 701 561 769; x_wconf 91' lang='lat' dir='ltr'>prout</span> <span class='ocrx_word' id='word_1_20' title='bbox 585 687 617 748; x_wconf 95' lang='lat' dir='ltr'>id</span> <span class='ocrx_word' id='word_1_21' title='bbox 641 686 741 748; x_wconf 92' lang='lat' dir='ltr'>eciam</span> <span class='ocrx_word' id='word_1_22' title='bbox 767 686 806 747; x_wconf 90' lang='lat' dir='ltr'>de</span> <span class='ocrx_word' id='word_1_23' title='bbox 839 686 906 767; x_wconf 85' lang='lat' dir='ltr'>jure</span> <span class='ocrx_word' id='word_1_24' title='bbox 940 685 1043 748; x_wconf 88' lang='lat' dir='ltr'>facere</span> <span class='ocrx_word' id='word_1_25' title='bbox 1075 687 1251 762; x_wconf 90' lang='lat' dir='ltr'>tenemini;</span> <span class='ocrx_word' id='word_1_26' title='bbox 1284 699 1405 748; x_wconf 91' lang='lat' dir='ltr'>attento</span> <span class='ocrx_word' id='word_1_27' title='bbox 1428 706 1500 767; x_wconf 91' lang='lat' dir='ltr'>pre·</span> 
     </span>
     <span class='ocr_line' id='line_1_5' title="bbox 234 791 1500 875; baseline -0.001 -21"><span class='ocrx_word' id='word_1_28' title='bbox 234 794 337 875; x_wconf 86' lang='lat' dir='ltr'>cipue,</span> <span class='ocrx_word' id='word_1_29' title='bbox 362 793 450 874; x_wconf 91' lang='lat' dir='ltr'>quod</span> <span class='ocrx_word' id='word_1_30' title='bbox 475 793 542 874; x_wconf 90' lang='lat' dir='ltr'>ipse</span> <span class='ocrx_word' id='word_1_31' title='bbox 566 793 679 874; x_wconf 91' lang='lat' dir='ltr'>quevis</span> <span class='ocrx_word' id='word_1_32' title='bbox 703 813 800 854; x_wconf 91' lang='lat' dir='ltr'>onera</span> <span class='ocrx_word' id='word_1_33' title='bbox 825 805 856 854; x_wconf 90' lang='lat' dir='ltr'>et</span> <span class='ocrx_word' id='word_1_34' title='bbox 879 793 1011 855; x_wconf 89' lang='lat' dir='ltr'>servicia</span> <span class='ocrx_word' id='word_1_35' title='bbox 1035 794 1094 853; x_wconf 90' lang='lat' dir='ltr'>sibi</span> <span class='ocrx_word' id='word_1_36' title='bbox 1125 793 1293 854; x_wconf 84' lang='lat' dir='ltr'>occasione</span> <span class='ocrx_word' id='word_1_37' title='bbox 1322 791 1500 853; x_wconf 86' lang='lat' dir='ltr'>eorundem</span> 
     </span>
     <span class='ocr_line' id='line_1_6' title="bbox 233 897 1499 981; baseline -0.002 -21"><span class='ocrx_word' id='word_1_38' title='bbox 233 900 439 961; x_wconf 84' lang='lat' dir='ltr'>canonicatus</span> <span class='ocrx_word' id='word_1_39' title='bbox 463 914 494 961; x_wconf 90' lang='lat' dir='ltr'>et</span> <span class='ocrx_word' id='word_1_40' title='bbox 517 899 679 981; x_wconf 88' lang='lat' dir='ltr'>prebende</span> <span class='ocrx_word' id='word_1_41' title='bbox 704 899 926 961; x_wconf 89' lang='lat' dir='ltr'>incumbencia</span> <span class='ocrx_word' id='word_1_42' title='bbox 950 919 1006 981; x_wconf 89' lang='lat' dir='ltr'>per</span> <span class='ocrx_word' id='word_1_43' title='bbox 1022 900 1120 960; x_wconf 89' lang='lat' dir='ltr'>alium</span> <span class='ocrx_word' id='word_1_44' title='bbox 1146 897 1357 960; x_wconf 83' lang='lat' dir='ltr'>sufficientem</span> <span class='ocrx_word' id='word_1_45' title='bbox 1382 898 1413 957; x_wconf 94' lang='lat' dir='ltr'>in</span> <span class='ocrx_word' id='word_1_46' title='bbox 1432 898 1499 978; x_wconf 90' lang='lat' dir='ltr'>ipsa</span> 
     </span>
     <span class='ocr_line' id='line_1_7' title="bbox 233 1005 1498 1087; baseline -0.001 -21"><span class='ocrx_word' id='word_1_47' title='bbox 233 1006 365 1066; x_wconf 92' lang='lat' dir='ltr'>ecclesia</span> <span class='ocrx_word' id='word_1_48' title='bbox 389 1006 591 1087; x_wconf 85' lang='lat' dir='ltr'>supportabit</span> <span class='ocrx_word' id='word_1_49' title='bbox 614 1019 645 1067; x_wconf 91' lang='lat' dir='ltr'>et</span> <span class='ocrx_word' id='word_1_50' title='bbox 669 1005 843 1087; x_wconf 90' lang='lat' dir='ltr'>impendet.</span> <span class='ocrx_word' id='word_1_51' title='bbox 869 1006 910 1067; x_wconf 89' lang='lat' dir='ltr'>Et</span> <span class='ocrx_word' id='word_1_52' title='bbox 933 1006 999 1067; x_wconf 92' lang='lat' dir='ltr'>Vos</span> <span class='ocrx_word' id='word_1_53' title='bbox 1024 1007 1106 1067; x_wconf 91' lang='lat' dir='ltr'>bene</span> <span class='ocrx_word' id='word_1_54' title='bbox 1131 1006 1236 1067; x_wconf 91' lang='lat' dir='ltr'>valere</span> <span class='ocrx_word' id='word_1_55' title='bbox 1269 1017 1427 1086; x_wconf 87' lang='lat' dir='ltr'>optamus.</span> <span class='ocrx_word' id='word_1_56' title='bbox 1453 1005 1498 1065; x_wconf 84' lang='lat' dir='ltr'>Ex</span> 
     </span>
     <span class='ocr_line' id='line_1_8' title="bbox 233 1109 1499 1194; baseline 0.001 -22"><span class='ocrx_word' id='word_1_57' title='bbox 233 1131 303 1172; x_wconf 92' lang='lat' dir='ltr'>arce</span> <span class='ocrx_word' id='word_1_58' title='bbox 327 1126 434 1172; x_wconf 90' lang='lat' dir='ltr'>nostra</span> <span class='ocrx_word' id='word_1_59' title='bbox 458 1111 670 1192; x_wconf 89' lang='lat' dir='ltr'>Strigoniensi</span> <span class='ocrx_word' id='word_1_60' title='bbox 698 1110 862 1173; x_wconf 91' lang='lat' dir='ltr'>dominico</span> <span class='ocrx_word' id='word_1_61' title='bbox 887 1111 939 1173; x_wconf 92' lang='lat' dir='ltr'>die</span> <span class='ocrx_word' id='word_1_62' title='bbox 966 1112 1114 1194; x_wconf 86' lang='lat' dir='ltr'>proximo</span> <span class='ocrx_word' id='word_1_63' title='bbox 1138 1125 1211 1193; x_wconf 92' lang='lat' dir='ltr'>post</span> <span class='ocrx_word' id='word_1_64' title='bbox 1244 1109 1360 1171; x_wconf 85' lang='lat' dir='ltr'>festum</span> <span class='ocrx_word' id='word_1_65' title='bbox 1392 1124 1499 1173; x_wconf 90' lang='lat' dir='ltr'>sancte</span> 
     </span>
     <span class='ocr_line' id='line_1_9' title="bbox 236 1216 922 1300; baseline 0.003 -23"><span class='ocrx_word' id='word_1_66' title='bbox 236 1216 398 1279; x_wconf 86' lang='lat' dir='ltr'>Elisabeth</span> <span class='ocrx_word' id='word_1_67' title='bbox 423 1217 530 1278; x_wconf 89' lang='lat' dir='ltr'>vidue.</span> <span class='ocrx_word' id='word_1_68' title='bbox 556 1221 651 1279; x_wconf 86' lang='lat' dir='ltr'>Anno</span> <span class='ocrx_word' id='word_1_69' title='bbox 677 1217 800 1279; x_wconf 93' lang='lat' dir='ltr'>domini</span> <span class='ocrx_word' id='word_1_70' title='bbox 831 1238 922 1300; x_wconf 86' lang='lat'>1517.</span> 
     </span>
     <span class='ocr_line' id='line_1_10' title="bbox 761 1323 1500 1406; baseline 0 -22"><span class='ocrx_word' id='word_1_71' title='bbox 761 1323 906 1385; x_wconf 88' lang='lat' dir='ltr'>Thomas</span> <span class='ocrx_word' id='word_1_72' title='bbox 931 1323 1101 1386; x_wconf 91' lang='lat' dir='ltr'>cardinalis</span> <span class='ocrx_word' id='word_1_73' title='bbox 1119 1324 1341 1406; x_wconf 82' lang='lat' dir='ltr'>strigoniensis</span> <span class='ocrx_word' id='word_1_74' title='bbox 1358 1337 1416 1386; x_wconf 88' lang='lat' dir='ltr'>etc.</span> <span class='ocrx_word' id='word_1_75' title='bbox 1433 1343 1500 1384; x_wconf 92' lang='lat' dir='ltr'>ma-</span> 
     </span>
     <span class='ocr_line' id='line_1_11' title="bbox 761 1431 967 1512; baseline 0.005 -22"><span class='ocrx_word' id='word_1_76' title='bbox 761 1450 805 1490; x_wconf 93' lang='lat' dir='ltr'>nu</span> <span class='ocrx_word' id='word_1_77' title='bbox 828 1431 967 1512; x_wconf 89' lang='lat' dir='ltr'>propria.</span> 
     </span>
     <span class='ocr_line' id='line_1_12' title="bbox 340 1533 1500 1617; baseline -0.003 -18"><span class='ocrx_word' id='word_1_78' title='bbox 340 1533 374 1599; x_wconf 69' lang='grc' dir='ltr'>(Α</span> <span class='ocrx_word' id='word_1_79' title='bbox 395 1535 483 1600; x_wconf 69' lang='lat' dir='ltr'>t²180)</span> <span class='ocrx_word' id='word_1_80' title='bbox 502 1535 748 1597; x_wconf 88' lang='lat' dir='ltr'>Venerabilibus</span> <span class='ocrx_word' id='word_1_81' title='bbox 774 1534 915 1596; x_wconf 90' lang='lat' dir='ltr'>dominis</span> <span class='ocrx_word' id='word_1_82' title='bbox 946 1537 1088 1617; x_wconf 92' lang='lat' dir='ltr'>capitulo</span> <span class='ocrx_word' id='word_1_83' title='bbox 1118 1536 1251 1597; x_wconf 87' lang='lat' dir='ltr'>ecclesie</span> <span class='ocrx_word' id='word_1_84' title='bbox 1275 1535 1500 1617; x_wconf 90' lang='lat' dir='ltr'>zagrabiensis,</span> 
     </span>
     <span class='ocr_line' id='line_1_13' title="bbox 237 1641 634 1704; baseline 0.008 -3"><span class='ocrx_word' id='word_1_85' title='bbox 237 1641 330 1702; x_wconf 91' lang='lat' dir='ltr'>nobis</span> <span class='ocrx_word' id='word_1_86' title='bbox 354 1643 475 1704; x_wconf 90' lang='lat' dir='ltr'>sincere</span> <span class='ocrx_word' id='word_1_87' title='bbox 500 1642 634 1704; x_wconf 88' lang='lat' dir='ltr'>dilectis.</span> 
     </span>
    </p>
   </div>
   <div class='ocr_carea' id='block_1_4' title="bbox 235 1764 1499 1919">
    <p class='ocr_par' dir='ltr' id='par_1_4' title="bbox 235 1764 1499 1919">
     <span class='ocr_line' id='line_1_14' title="bbox 341 1764 1499 1831; baseline 0.003 -16"><span class='ocrx_word' id='word_1_88' title='bbox 341 1764 477 1830; x_wconf 84' lang='lat' dir='ltr'>originale</span> <span class='ocrx_word' id='word_1_89' title='bbox 497 1766 522 1816; x_wconf 89' lang='lat' dir='ltr'>in</span> <span class='ocrx_word' id='word_1_90' title='bbox 543 1766 640 1823; x_wconf 85' lang='lat' dir='ltr'>charta,</span> <span class='ocrx_word' id='word_1_91' title='bbox 660 1781 675 1816; x_wconf 86' lang='lat' dir='ltr'>a</span> <span class='ocrx_word' id='word_1_92' title='bbox 694 1773 771 1830; x_wconf 85' lang='lat' dir='ltr'>tergo</span> <span class='ocrx_word' id='word_1_93' title='bbox 791 1766 950 1828; x_wconf 88' lang='lat' dir='ltr'>inpressum</span> <span class='ocrx_word' id='word_1_94' title='bbox 970 1770 1011 1816; x_wconf 91' lang='lat' dir='ltr'>est</span> <span class='ocrx_word' id='word_1_95' title='bbox 1031 1767 1155 1831; x_wconf 86' lang='lat' dir='ltr'>sigillum.</span> <span class='ocrx_word' id='word_1_96' title='bbox 1175 1765 1202 1816; x_wconf 91' lang='lat' dir='ltr'>ln</span> <span class='ocrx_word' id='word_1_97' title='bbox 1224 1765 1320 1816; x_wconf 85' lang='lat' dir='ltr'>archiv.</span> <span class='ocrx_word' id='word_1_98' title='bbox 1341 1779 1399 1818; x_wconf 86' lang='lat' dir='ltr'>ven.</span> <span class='ocrx_word' id='word_1_99' title='bbox 1414 1766 1499 1829; x_wconf 85' lang='lat' dir='ltr'>Capit.</span> 
     </span>
     <span class='ocr_line' id='line_1_15' title="bbox 235 1853 848 1919; baseline 0.005 -16"><span class='ocrx_word' id='word_1_100' title='bbox 235 1854 342 1918; x_wconf 85' lang='lat' dir='ltr'>zagrab.</span> <span class='ocrx_word' id='word_1_101' title='bbox 363 1858 420 1906; x_wconf 81' lang='lat' dir='ltr'>Act.</span> <span class='ocrx_word' id='word_1_102' title='bbox 442 1856 506 1919; x_wconf 84' lang='lat' dir='ltr'>Cap.</span> <span class='ocrx_word' id='word_1_103' title='bbox 527 1859 579 1905; x_wconf 88' lang='lat' dir='ltr'>ant.</span> <span class='ocrx_word' id='word_1_104' title='bbox 604 1855 667 1905; x_wconf 81' lang='lat' dir='ltr'>fasc.</span> <span class='ocrx_word' id='word_1_105' title='bbox 688 1853 730 1905; x_wconf 82' lang='lat' dir='ltr'>at.</span> <span class='ocrx_word' id='word_1_106' title='bbox 750 1869 786 1906; x_wconf 91' lang='lat' dir='ltr'>nr.</span> <span class='ocrx_word' id='word_1_107' title='bbox 807 1853 848 1906; x_wconf 83' lang='lat'>27.</span> 
     </span>
    </p>
   </div>
   <div class='ocr_carea' id='block_1_5' title="bbox 828 2135 914 2200">
    <p class='ocr_par' dir='ltr' id='par_1_5' title="bbox 828 2135 914 2200">
     <span class='ocr_line' id='line_1_16' title="bbox 828 2135 914 2200; baseline -0.035 -1"><span class='ocrx_word' id='word_1_108' title='bbox 828 2135 914 2200; x_wconf 88' lang='grc'><strong>149.</strong></span> 
     </span>
    </p>
   </div>
   <div class='ocr_carea' id='block_1_6' title="bbox 339 2291 838 2346">
    <p class='ocr_par' dir='ltr' id='par_1_6' title="bbox 339 2291 838 2346">
     <span class='ocr_line' id='line_1_17' title="bbox 339 2291 838 2346; baseline 0.01 -5"><span class='ocrx_word' id='word_1_109' title='bbox 339 2291 413 2343; x_wconf 77' lang='lat' dir='ltr'>Anno</span> <span class='ocrx_word' id='word_1_110' title='bbox 436 2293 510 2343; x_wconf 85' lang='grc'>1517.</span> <span class='ocrx_word' id='word_1_111' title='bbox 531 2295 553 2344; x_wconf 91' lang='grc'>7.</span> <span class='ocrx_word' id='word_1_112' title='bbox 575 2294 731 2346; x_wconf 87' lang='lat' dir='ltr'>decembris.</span> <span class='ocrx_word' id='word_1_113' title='bbox 752 2292 838 2346; x_wconf 84' lang='lat' dir='ltr'>Crisii.</span> 
     </span>
    </p>
   </div>
   <div class='ocr_carea' id='block_1_7' title="bbox 235 2416 1501 3219">
    <p class='ocr_par' dir='ltr' id='par_1_7' title="bbox 235 2416 1501 3219">
     <span class='ocr_line' id='line_1_18' title="bbox 248 2416 1500 2500; baseline 0.002 -23"><span class='ocrx_word' id='word_1_114' title='bbox 248 2425 255 2438; x_wconf 86' lang='lat'>&#39;</span> <span class='ocrx_word' id='word_1_115' title='bbox 343 2417 449 2495; x_wconf 90' lang='lat' dir='ltr'>Crisii,</span> <span class='ocrx_word' id='word_1_116' title='bbox 475 2416 551 2479; x_wconf 80' lang='lat' dir='ltr'>feria</span> <span class='ocrx_word' id='word_1_117' title='bbox 575 2419 714 2478; x_wconf 86' lang='lat' dir='ltr'>secunda</span> <span class='ocrx_word' id='word_1_118' title='bbox 746 2432 816 2498; x_wconf 93' lang='lat' dir='ltr'>post</span> <span class='ocrx_word' id='word_1_119' title='bbox 839 2438 863 2478; x_wconf 90' lang='lat' dir='ltr'>s.</span> <span class='ocrx_word' id='word_1_120' title='bbox 895 2418 1077 2479; x_wconf 86' lang='lat' dir='ltr'>Nicolaum.</span> <span class='ocrx_word' id='word_1_121' title='bbox 1116 2419 1303 2500; x_wconf 88' lang='lat' dir='ltr'>Capitulum</span> <span class='ocrx_word' id='word_1_122' title='bbox 1336 2419 1452 2499; x_wconf 82' lang='lat' dir='ltr'>excipit</span> <span class='ocrx_word' id='word_1_123' title='bbox 1483 2440 1500 2479; x_wconf 94' lang='lat' dir='ltr'>a</span> 
     </span>
     <span class='ocr_line' id='line_1_19' title="bbox 236 2521 1500 2585; baseline 0.002 -4"><span class='ocrx_word' id='word_1_124' title='bbox 236 2521 330 2582; x_wconf 89' lang='lat' dir='ltr'>Petro</span> <span class='ocrx_word' id='word_1_125' title='bbox 356 2523 481 2583; x_wconf 88' lang='lat' dir='ltr'>Berizlo</span> <span class='ocrx_word' id='word_1_126' title='bbox 513 2525 597 2584; x_wconf 92' lang='lat' dir='ltr'>bano</span> <span class='ocrx_word' id='word_1_127' title='bbox 632 2537 690 2585; x_wconf 91' lang='lat' dir='ltr'>etc.</span> <span class='ocrx_word' id='word_1_128' title='bbox 715 2523 902 2584; x_wconf 90' lang='lat' dir='ltr'>mandatum</span> <span class='ocrx_word' id='word_1_129' title='bbox 926 2524 1129 2584; x_wconf 90' lang='lat' dir='ltr'>statutorium</span> <span class='ocrx_word' id='word_1_130' title='bbox 1164 2524 1196 2584; x_wconf 91' lang='lat' dir='ltr'>in</span> <span class='ocrx_word' id='word_1_131' title='bbox 1230 2525 1328 2585; x_wconf 93' lang='lat' dir='ltr'>totale</span> <span class='ocrx_word' id='word_1_132' title='bbox 1364 2537 1500 2585; x_wconf 89' lang='lat' dir='ltr'>castrum</span> 
     </span>
     <span class='ocr_line' id='line_1_20' title="bbox 237 2627 1501 2710; baseline 0.002 -22"><span class='ocrx_word' id='word_1_133' title='bbox 237 2627 353 2688; x_wconf 90' lang='lat' dir='ltr'>Medve</span> <span class='ocrx_word' id='word_1_134' title='bbox 378 2642 408 2689; x_wconf 90' lang='lat' dir='ltr'>et</span> <span class='ocrx_word' id='word_1_135' title='bbox 430 2629 638 2710; x_wconf 91' lang='lat' dir='ltr'>pertinentias</span> <span class='ocrx_word' id='word_1_136' title='bbox 675 2629 761 2710; x_wconf 93' lang='lat' dir='ltr'>apud</span> <span class='ocrx_word' id='word_1_137' title='bbox 790 2649 904 2690; x_wconf 90' lang='lat' dir='ltr'>manus</span> <span class='ocrx_word' id='word_1_138' title='bbox 941 2628 1072 2710; x_wconf 83' lang='lat' dir='ltr'>Georgii</span> <span class='ocrx_word' id='word_1_139' title='bbox 1109 2629 1302 2690; x_wconf 88' lang='lat' dir='ltr'>marchionis</span> <span class='ocrx_word' id='word_1_140' title='bbox 1339 2631 1501 2691; x_wconf 88' lang='lat' dir='ltr'>Branden·</span> 
     </span>
     <span class='ocr_line' id='line_1_21' title="bbox 238 2733 1499 2817; baseline 0.002 -23"><span class='ocrx_word' id='word_1_141' title='bbox 238 2735 405 2814; x_wconf 90' lang='lat' dir='ltr'>burgensis</span> <span class='ocrx_word' id='word_1_142' title='bbox 429 2736 608 2813; x_wconf 87' lang='lat' dir='ltr'>existentes,</span> <span class='ocrx_word' id='word_1_143' title='bbox 633 2736 772 2796; x_wconf 90' lang='lat' dir='ltr'>nescitur</span> <span class='ocrx_word' id='word_1_144' title='bbox 795 2754 861 2816; x_wconf 92' lang='lat' dir='ltr'>quo</span> <span class='ocrx_word' id='word_1_145' title='bbox 885 2734 962 2814; x_wconf 87' lang='lat' dir='ltr'>juris</span> <span class='ocrx_word' id='word_1_146' title='bbox 985 2735 1089 2797; x_wconf 77' lang='lat' dir='ltr'>titulo</span> <span class='ocrx_word' id='word_1_147' title='bbox 1115 2734 1148 2795; x_wconf 92' lang='lat' dir='ltr'>ln</span> <span class='ocrx_word' id='word_1_148' title='bbox 1185 2733 1265 2796; x_wconf 84' lang='lat' dir='ltr'>festo</span> <span class='ocrx_word' id='word_1_149' title='bbox 1297 2757 1321 2798; x_wconf 90' lang='lat' dir='ltr'>s.</span> <span class='ocrx_word' id='word_1_150' title='bbox 1347 2736 1499 2817; x_wconf 90' lang='lat' dir='ltr'>Stephani</span> 
     </span>
     <span class='ocr_line' id='line_1_22' title="bbox 235 2840 1499 2923; baseline 0.002 -22"><span class='ocrx_word' id='word_1_151' title='bbox 235 2841 470 2923; x_wconf 89' lang='lat' dir='ltr'>protomartiris</span> <span class='ocrx_word' id='word_1_152' title='bbox 494 2840 572 2901; x_wconf 93' lang='lat' dir='ltr'>dum</span> <span class='ocrx_word' id='word_1_153' title='bbox 603 2841 643 2901; x_wconf 93' lang='lat' dir='ltr'>ad</span> <span class='ocrx_word' id='word_1_154' title='bbox 676 2842 912 2922; x_wconf 88' lang='lat' dir='ltr'>possessionem</span> <span class='ocrx_word' id='word_1_155' title='bbox 948 2841 1104 2902; x_wconf 85' lang='lat' dir='ltr'>Kraleucz</span> <span class='ocrx_word' id='word_1_156' title='bbox 1137 2840 1176 2901; x_wconf 90' lang='lat' dir='ltr'>ad</span> <span class='ocrx_word' id='word_1_157' title='bbox 1210 2854 1347 2902; x_wconf 88' lang='lat' dir='ltr'>castrum</span> <span class='ocrx_word' id='word_1_158' title='bbox 1380 2842 1499 2903; x_wconf 92' lang='lat' dir='ltr'>dictum</span> 
     </span>
     <span class='ocr_line' id='line_1_23' title="bbox 236 2946 1500 3028; baseline 0.002 -22"><span class='ocrx_word' id='word_1_159' title='bbox 236 2959 432 3027; x_wconf 89' lang='lat' dir='ltr'>spectantem</span> <span class='ocrx_word' id='word_1_160' title='bbox 468 2967 552 3007; x_wconf 92' lang='lat' dir='ltr'>nunc</span> <span class='ocrx_word' id='word_1_161' title='bbox 577 2966 634 3028; x_wconf 93' lang='lat' dir='ltr'>per</span> <span class='ocrx_word' id='word_1_162' title='bbox 669 2947 846 3028; x_wconf 85' lang='lat' dir='ltr'>Georgium</span> <span class='ocrx_word' id='word_1_163' title='bbox 883 2946 1035 3026; x_wconf 90' lang='lat' dir='ltr'>habitam,</span> <span class='ocrx_word' id='word_1_164' title='bbox 1072 2947 1279 3028; x_wconf 89' lang='lat' dir='ltr'>proveniente</span> <span class='ocrx_word' id='word_1_165' title='bbox 1316 2949 1500 3009; x_wconf 91' lang='lat' dir='ltr'>testimonio</span> 
     </span>
     <span class='ocr_line' id='line_1_24' title="bbox 235 3050 1500 3135; baseline 0.002 -23"><span class='ocrx_word' id='word_1_166' title='bbox 235 3050 389 3132; x_wconf 88' lang='lat' dir='ltr'>Stephani</span> <span class='ocrx_word' id='word_1_167' title='bbox 415 3052 586 3130; x_wconf 93' lang='lat' dir='ltr'>Chernich,</span> <span class='ocrx_word' id='word_1_168' title='bbox 605 3052 736 3134; x_wconf 79' lang='lat' dir='ltr'>jobagio</span> <span class='ocrx_word' id='word_1_169' title='bbox 754 3053 785 3112; x_wconf 91' lang='lat' dir='ltr'>in</span> <span class='ocrx_word' id='word_1_170' title='bbox 803 3052 916 3114; x_wconf 87' lang='lat' dir='ltr'>eadem</span> <span class='ocrx_word' id='word_1_171' title='bbox 935 3053 1091 3113; x_wconf 88' lang='lat' dir='ltr'>Kraleucz</span> <span class='ocrx_word' id='word_1_172' title='bbox 1109 3052 1310 3131; x_wconf 86' lang='lat' dir='ltr'>contradixit,</span> <span class='ocrx_word' id='word_1_173' title='bbox 1328 3070 1500 3135; x_wconf 90' lang='lat' dir='ltr'>perquem</span> 
     </span>
     <span class='ocr_line' id='line_1_25' title="bbox 236 3157 635 3219; baseline 0.003 -1"><span class='ocrx_word' id='word_1_174' title='bbox 236 3170 282 3218; x_wconf 92' lang='lat' dir='ltr'>est</span> <span class='ocrx_word' id='word_1_175' title='bbox 306 3170 458 3218; x_wconf 89' lang='lat' dir='ltr'>evocatus</span> <span class='ocrx_word' id='word_1_176' title='bbox 482 3157 635 3219; x_wconf 92' lang='lat' dir='ltr'>marchio.</span> 
     </span>
    </p>
   </div>
   <div class='ocr_carea' id='block_1_8' title="bbox 343 3278 815 3346">
    <p class='ocr_par' dir='ltr' id='par_1_8' title="bbox 343 3278 815 3346">
     <span class='ocr_line' id='line_1_26' title="bbox 343 3278 815 3346; baseline 0.006 -16"><span class='ocrx_word' id='word_1_177' title='bbox 343 3278 511 3332; x_wconf 71' lang='lat' dir='ltr'>Marcelovid.</span> <span class='ocrx_word' id='word_1_178' title='bbox 531 3280 656 3346; x_wconf 86' lang='lat' dir='ltr'>Regesta,</span> <span class='ocrx_word' id='word_1_179' title='bbox 676 3289 703 3332; x_wconf 89' lang='lat' dir='ltr'>ut</span> <span class='ocrx_word' id='word_1_180' title='bbox 728 3295 815 3345; x_wconf 85' lang='lat' dir='ltr'>supra.</span> 
     </span>
    </p>
   </div>
   <div class='ocr_carea' id='block_1_9' title="bbox 830 3562 914 3630">
    <p class='ocr_par' dir='ltr' id='par_1_9' title="bbox 830 3562 914 3630">
     <span class='ocr_line' id='line_1_27' title="bbox 830 3562 914 3630; baseline 0.024 -2"><span class='ocrx_word' id='word_1_181' title='bbox 830 3562 914 3630; x_wconf 87' lang='lat'><strong>150.</strong></span> 
     </span>
    </p>
   </div>
   <div class='ocr_carea' id='block_1_10' title="bbox 342 3691 654 3756">
    <p class='ocr_par' dir='ltr' id='par_1_10' title="bbox 342 3691 654 3756">
     <span class='ocr_line' id='line_1_28' title="bbox 342 3691 654 3756; baseline 0 -1"><span class='ocrx_word' id='word_1_182' title='bbox 342 3705 418 3756; x_wconf 81' lang='lat' dir='ltr'>Anno</span> <span class='ocrx_word' id='word_1_183' title='bbox 442 3706 516 3756; x_wconf 85' lang='lat'>1517.</span> <span class='ocrx_word' id='word_1_184' title='bbox 536 3691 654 3756; x_wconf 73' lang='lat' dir='ltr'>Casinas.</span> 
     </span>
    </p>
   </div>
   <div class='ocr_carea' id='block_1_11' title="bbox 237 3833 1503 4116">
    <p class='ocr_par' dir='ltr' id='par_1_11' title="bbox 237 3833 1503 4116">
     <span class='ocr_line' id='line_1_29' title="bbox 244 3833 1501 3911; baseline 0.001 -21"><span class='ocrx_word' id='word_1_185' title='bbox 244 3834 397 3907; x_wconf 73' lang='lat' dir='ltr'>Collegu&#39;um</span> <span class='ocrx_word' id='word_1_186' title='bbox 415 3834 692 3906; x_wconf 78' lang='lat' dir='ltr'>praebendariorum</span> <span class='ocrx_word' id='word_1_187' title='bbox 723 3839 810 3905; x_wconf 82' lang='lat' dir='ltr'>ragal</span> <span class='ocrx_word' id='word_1_188' title='bbox 838 3833 989 3890; x_wconf 82' lang='lat' dir='ltr'>canonicos</span> <span class='ocrx_word' id='word_1_189' title='bbox 1019 3833 1182 3911; x_wconf 76' lang='lat' dir='ltr'>lasrnenscs,</span> <span class='ocrx_word' id='word_1_190' title='bbox 1217 3833 1342 3891; x_wconf 71' lang='lat' dir='ltr'>arbitros</span> <span class='ocrx_word' id='word_1_191' title='bbox 1372 3855 1392 3891; x_wconf 84' lang='lat' dir='ltr'>a</span> <span class='ocrx_word' id='word_1_192' title='bbox 1415 3845 1501 3909; x_wconf 73' lang='lat' dir='ltr'>papa</span> 
     </span>
     <span class='ocr_line' id='line_1_30' title="bbox 237 3938 1503 4014; baseline 0.001 -17"><span class='ocrx_word' id='word_1_193' title='bbox 237 3943 404 4014; x_wconf 75' lang='lat' dir='ltr'>nommatos,</span> <span class='ocrx_word' id='word_1_194' title='bbox 431 3947 465 3997; x_wconf 83' lang='lat' dir='ltr'>eet</span> <span class='ocrx_word' id='word_1_195' title='bbox 485 3941 654 4014; x_wconf 80' lang='lat' dir='ltr'>confirment</span> <span class='ocrx_word' id='word_1_196' title='bbox 666 3938 821 4013; x_wconf 79' lang='lat' dir='ltr'>judicium,</span> <span class='ocrx_word' id='word_1_197' title='bbox 844 3956 900 4010; x_wconf 81' lang='lat' dir='ltr'>quo</span> <span class='ocrx_word' id='word_1_198' title='bbox 925 3940 1154 4010; x_wconf 71' lang='lat' dir='ltr'>praepositius.</span> <span class='ocrx_word' id='word_1_199' title='bbox 1180 3940 1281 3997; x_wconf 82' lang='lat' dir='ltr'>Marie</span> <span class='ocrx_word' id='word_1_200' title='bbox 1303 3941 1503 3999; x_wconf 78' lang='lat' dir='ltr'>eondcrrrnatus</span> 
     </span>
     <span class='ocr_line' id='line_1_31' title="bbox 476 4040 1257 4116; baseline -0.001 -13"><span class='ocrx_word' id='word_1_201' title='bbox 476 4054 526 4114; x_wconf 82' lang='lat' dir='ltr'>est,</span> <span class='ocrx_word' id='word_1_202' title='bbox 549 4057 581 4102; x_wconf 84' lang='lat' dir='ltr'>at</span> <span class='ocrx_word' id='word_1_203' title='bbox 602 4051 742 4116; x_wconf 74' lang='lat' dir='ltr'>sumptum</span> <span class='ocrx_word' id='word_1_204' title='bbox 766 4045 826 4099; x_wconf 79' lang='lat' dir='ltr'>litis</span> <span class='ocrx_word' id='word_1_205' title='bbox 848 4043 881 4099; x_wconf 85' lang='lat' dir='ltr'>de</span> <span class='ocrx_word' id='word_1_206' title='bbox 903 4040 1005 4100; x_wconf 82' lang='lat' dir='ltr'>balnea</span> <span class='ocrx_word' id='word_1_207' title='bbox 1029 4052 1109 4100; x_wconf 84' lang='lat' dir='ltr'>actae</span> <span class='ocrx_word' id='word_1_208' title='bbox 1131 4047 1257 4102; x_wconf 80' lang='lat' dir='ltr'>exolvat.</span> 
     </span>
    </p>
   </div>
   <div class='ocr_carea' id='block_1_12' title="bbox 235 4181 1523 4901">
    <p class='ocr_par' dir='ltr' id='par_1_12' title="bbox 235 4181 1523 4901">
     <span class='ocr_line' id='line_1_32' title="bbox 344 4181 1501 4245; baseline -0.002 0"><span class='ocrx_word' id='word_1_209' title='bbox 344 4185 462 4245; x_wconf 91' lang='lat' dir='ltr'>Coram</span> <span class='ocrx_word' id='word_1_210' title='bbox 488 4184 578 4245; x_wconf 88' lang='lat' dir='ltr'>vobis</span> <span class='ocrx_word' id='word_1_211' title='bbox 596 4182 834 4243; x_wconf 91' lang='lat' dir='ltr'>venerabilibus</span> <span class='ocrx_word' id='word_1_212' title='bbox 852 4181 992 4243; x_wconf 87' lang='lat' dir='ltr'>dominis</span> <span class='ocrx_word' id='word_1_213' title='bbox 1014 4182 1169 4244; x_wconf 90' lang='lat' dir='ltr'>Michaele</span> <span class='ocrx_word' id='word_1_214' title='bbox 1187 4197 1316 4245; x_wconf 92' lang='lat' dir='ltr'>cantore</span> <span class='ocrx_word' id='word_1_215' title='bbox 1334 4197 1364 4244; x_wconf 90' lang='lat' dir='ltr'>et</span> <span class='ocrx_word' id='word_1_216' title='bbox 1381 4183 1501 4244; x_wconf 90' lang='lat' dir='ltr'>Mathia</span> 
     </span>
     <span class='ocr_line' id='line_1_33' title="bbox 237 4288 1502 4370; baseline -0.002 -19"><span class='ocrx_word' id='word_1_217' title='bbox 237 4290 379 4368; x_wconf 87' lang='lat' dir='ltr'>custode,</span> <span class='ocrx_word' id='word_1_218' title='bbox 413 4290 717 4367; x_wconf 89' lang='lat' dir='ltr'>locumtenentibus,</span> <span class='ocrx_word' id='word_1_219' title='bbox 746 4288 972 4370; x_wconf 90' lang='lat' dir='ltr'>canonicisque</span> <span class='ocrx_word' id='word_1_220' title='bbox 1006 4289 1138 4350; x_wconf 92' lang='lat' dir='ltr'>ecclesie</span> <span class='ocrx_word' id='word_1_221' title='bbox 1176 4290 1344 4369; x_wconf 89' lang='lat' dir='ltr'>collegiate</span> <span class='ocrx_word' id='word_1_222' title='bbox 1373 4290 1502 4370; x_wconf 90' lang='lat' dir='ltr'>spiritus</span> 
     </span>
     <span class='ocr_line' id='line_1_34' title="bbox 238 4394 1501 4477; baseline -0.002 -21"><span class='ocrx_word' id='word_1_223' title='bbox 238 4397 337 4458; x_wconf 92' lang='lat' dir='ltr'>sancti</span> <span class='ocrx_word' id='word_1_224' title='bbox 362 4395 555 4457; x_wconf 89' lang='lat' dir='ltr'>chasmensis</span> <span class='ocrx_word' id='word_1_225' title='bbox 572 4409 629 4457; x_wconf 91' lang='lat' dir='ltr'>etc.</span> <span class='ocrx_word' id='word_1_226' title='bbox 641 4396 672 4456; x_wconf 94' lang='lat' dir='ltr'>in</span> <span class='ocrx_word' id='word_1_227' title='bbox 691 4415 783 4456; x_wconf 89' lang='lat' dir='ltr'>causa</span> <span class='ocrx_word' id='word_1_228' title='bbox 798 4408 828 4456; x_wconf 90' lang='lat' dir='ltr'>et</span> <span class='ocrx_word' id='word_1_229' title='bbox 842 4396 943 4455; x_wconf 89' lang='lat' dir='ltr'>causis</span> <span class='ocrx_word' id='word_1_230' title='bbox 954 4396 1096 4477; x_wconf 91' lang='lat' dir='ltr'>parcium</span> <span class='ocrx_word' id='word_1_231' title='bbox 1112 4394 1382 4477; x_wconf 90' lang='lat' dir='ltr'>infrascriptarum</span> <span class='ocrx_word' id='word_1_232' title='bbox 1397 4416 1413 4455; x_wconf 92' lang='lat' dir='ltr'>a</span> <span class='ocrx_word' id='word_1_233' title='bbox 1427 4395 1501 4456; x_wconf 90' lang='lat' dir='ltr'>sede</span> 
     </span>
     <span class='ocr_line' id='line_1_35' title="bbox 236 4500 1523 4586; baseline -0.002 -24"><span class='ocrx_word' id='word_1_234' title='bbox 236 4501 411 4581; x_wconf 91' lang='lat' dir='ltr'>apostolica</span> <span class='ocrx_word' id='word_1_235' title='bbox 429 4501 588 4562; x_wconf 91' lang='lat' dir='ltr'>iudicibus</span> <span class='ocrx_word' id='word_1_236' title='bbox 604 4514 635 4562; x_wconf 90' lang='lat' dir='ltr'>et</span> <span class='ocrx_word' id='word_1_237' title='bbox 647 4500 872 4561; x_wconf 89' lang='lat' dir='ltr'>commissariis</span> <span class='ocrx_word' id='word_1_238' title='bbox 884 4502 1062 4582; x_wconf 89' lang='lat' dir='ltr'>specialiter</span> <span class='ocrx_word' id='word_1_239' title='bbox 1079 4501 1248 4583; x_wconf 90' lang='lat' dir='ltr'>deputatis,</span> <span class='ocrx_word' id='word_1_240' title='bbox 1260 4521 1319 4581; x_wconf 92' lang='lat' dir='ltr'>ego</span> <span class='ocrx_word' id='word_1_241' title='bbox 1334 4501 1448 4562; x_wconf 89' lang='lat' dir='ltr'>Gallus</span> <span class='ocrx_word' id='word_1_242' title='bbox 1462 4500 1500 4560; x_wconf 91' lang='lat' dir='ltr'>de</span> <span class='ocrx_word' id='word_1_243' title='bbox 1521 4584 1523 4586; x_wconf 15' lang='grc' dir='ltr'>Ι</span> 
     </span>
     <span class='ocr_line' id='line_1_36' title="bbox 237 4604 1502 4688; baseline 0.002 -24"><span class='ocrx_word' id='word_1_244' title='bbox 237 4604 387 4686; x_wconf 87' lang='lat' dir='ltr'>Welylre,</span> <span class='ocrx_word' id='word_1_245' title='bbox 396 4607 551 4687; x_wconf 90' lang='lat' dir='ltr'>presbiter</span> <span class='ocrx_word' id='word_1_246' title='bbox 574 4606 662 4668; x_wconf 91' lang='lat' dir='ltr'>chori</span> <span class='ocrx_word' id='word_1_247' title='bbox 687 4606 819 4668; x_wconf 91' lang='lat' dir='ltr'>ecclesie</span> <span class='ocrx_word' id='word_1_248' title='bbox 836 4607 1051 4688; x_wconf 89' lang='lat' dir='ltr'>zagrabiensis</span> <span class='ocrx_word' id='word_1_249' title='bbox 1069 4607 1100 4666; x_wconf 95' lang='lat' dir='ltr'>in</span> <span class='ocrx_word' id='word_1_250' title='bbox 1114 4626 1250 4688; x_wconf 90' lang='lat' dir='ltr'>persona</span> <span class='ocrx_word' id='word_1_251' title='bbox 1267 4626 1338 4668; x_wconf 91' lang='lat' dir='ltr'>mea</span> <span class='ocrx_word' id='word_1_252' title='bbox 1353 4621 1384 4667; x_wconf 92' lang='lat' dir='ltr'>et</span> <span class='ocrx_word' id='word_1_253' title='bbox 1399 4606 1502 4667; x_wconf 92' lang='lat' dir='ltr'>tocius</span> 
     </span>
     <span class='ocr_line' id='line_1_37' title="bbox 237 4709 1502 4794; baseline 0.002 -23"><span class='ocrx_word' id='word_1_254' title='bbox 237 4709 366 4789; x_wconf 87' lang='lat' dir='ltr'>collegii</span> <span class='ocrx_word' id='word_1_255' title='bbox 376 4732 432 4773; x_wconf 89' lang='lat' dir='ltr'>seu</span> <span class='ocrx_word' id='word_1_256' title='bbox 442 4713 681 4774; x_wconf 88' lang='lat' dir='ltr'>communitatis</span> <span class='ocrx_word' id='word_1_257' title='bbox 697 4712 905 4774; x_wconf 90' lang='lat' dir='ltr'>dominorum</span> <span class='ocrx_word' id='word_1_258' title='bbox 914 4712 1200 4794; x_wconf 89' lang='lat' dir='ltr'>prebendariorum</span> <span class='ocrx_word' id='word_1_259' title='bbox 1218 4712 1359 4794; x_wconf 91' lang='lat' dir='ltr'>predicte</span> <span class='ocrx_word' id='word_1_260' title='bbox 1370 4712 1502 4773; x_wconf 90' lang='lat' dir='ltr'>ecclesie</span> 
     </span>
     <span class='ocr_line' id='line_1_38' title="bbox 235 4815 1499 4901; baseline 0.002 -26"><span class='ocrx_word' id='word_1_261' title='bbox 235 4815 461 4897; x_wconf 67' lang='lat' dir='ltr'>warabiensis,</span> <span class='ocrx_word' id='word_1_262' title='bbox 486 4837 558 4900; x_wconf 90' lang='lat' dir='ltr'>ago,</span> <span class='ocrx_word' id='word_1_263' title='bbox 588 4817 660 4880; x_wconf 93' lang='lat' dir='ltr'>dico</span> <span class='ocrx_word' id='word_1_264' title='bbox 692 4832 722 4880; x_wconf 90' lang='lat' dir='ltr'>et</span> <span class='ocrx_word' id='word_1_265' title='bbox 756 4837 905 4901; x_wconf 93' lang='lat' dir='ltr'>propono</span> <span class='ocrx_word' id='word_1_266' title='bbox 937 4832 1046 4881; x_wconf 88' lang='lat' dir='ltr'>contra</span> <span class='ocrx_word' id='word_1_267' title='bbox 1078 4832 1109 4880; x_wconf 89' lang='lat' dir='ltr'>et</span> <span class='ocrx_word' id='word_1_268' title='bbox 1139 4817 1292 4881; x_wconf 88' lang='lat' dir='ltr'>adversus</span> <span class='ocrx_word' id='word_1_269' title='bbox 1325 4818 1499 4900; x_wconf 90' lang='lat' dir='ltr'>quemdam</span> 
     </span>
    </p>
   </div>
   <div class='ocr_carea' id='block_1_13' title="bbox 0 0 1745 5242">
    <p class='ocr_par' dir='ltr' id='par_1_13' title="bbox 0 0 1745 5242">
     <span class='ocr_line' id='line_1_39' title="bbox 0 0 1745 5242; baseline 0 0"><span class='ocrx_word' id='word_1_270' title='bbox 0 0 1745 5242; x_wconf 95' lang='lat' dir='ltr'> </span> 
     </span>
    </p>
   </div>
  </div>
 </body>
</html>
