3472 5242
239 331 301 413 308
646 331 765 390 Statrcta
788 333 1078 392 praebendariorum.

239 558 330 640 ferre,
354 580 475 642 ponere
498 574 530 622 et
553 560 702 639 exaltare,
727 574 761 622 ut
785 560 937 621 omnibus
961 560 1079 622 almam
1104 561 1203 623 sancti
1235 561 1319 643 regis
1349 561 1503 644 Stephani

238 667 403 728 basilicam
429 666 683 749 ingredientibus
715 667 829 745 luceat,
862 666 1115 746 incitamentum,
1141 669 1367 750 exemplarque
1399 683 1505 730 sancte

237 772 420 835 devotionis
444 773 566 852 existat,
590 792 754 854 operaque
777 785 885 833 nostra
909 774 994 834 bona
1026 773 1197 835 videantur
1220 774 1327 856 palam
1353 787 1384 835 et
1406 773 1505 855 glori·

236 877 347 940 ficetur
370 878 450 940 deus
473 892 572 960 pater,
596 878 651 959 qui
676 878 708 939 in
733 878 809 939 celia
834 891 889 956 est,
906 879 965 939 sub
989 880 1148 941 vocabulo
1166 894 1197 941 et
1223 880 1323 941 tutela
1348 880 1503 941 advocate

237 996 344 1046 nostre
369 984 478 1045 matris
502 983 602 1045 Marie
627 983 796 1062 antedicta,
819 983 920 1065 ipsam
947 983 1239 1046 confraternitatem
1263 985 1447 1046 dedicantes
1474 999 1506 1046 et

237 1090 476 1168 constituentes,
500 1089 632 1152 nomine
657 1109 723 1171 quo
747 1090 787 1151 ab
810 1091 963 1152 omnibus
982 1110 1108 1172 semper
1124 1105 1155 1152 et
1174 1092 1207 1152 in
1226 1111 1322 1153 evum
1338 1092 1504 1170 vocitetur,

237 1194 529 1258 confraternitatem
552 1196 661 1257 matris
686 1195 785 1256 Marie
799 1195 904 1256 eidem
928 1196 1130 1277 inponentes.
1148 1198 1189 1258 Et
1212 1211 1247 1259 ut
1270 1217 1307 1259 ea
1337 1217 1399 1278 que
1425 1218 1500 1280 pro-

238 1302 428 1380 motionem,
464 1302 740 1363 continuationem
780 1314 811 1362 et
842 1301 1019 1383 regulatam
1058 1302 1368 1364 administrationem
1405 1303 1503 1385 ipsius

238 1406 507 1469 confraternitatis
530 1408 640 1468 matris
663 1407 881 1468 misericordie
905 1408 1122 1489 conspiciunt,
1155 1409 1320 1487 ordinatis,
1354 1409 1506 1490 regulatis

237 1527 268 1575 et
290 1513 425 1590 devotis,
449 1526 548 1594 utque
573 1512 634 1574 deo
658 1533 694 1574 ac
718 1512 905 1574 hominibus
920 1514 1067 1594 placeant
1083 1528 1114 1575 et
1131 1514 1219 1576 salus
1235 1515 1382 1576 omnium
1398 1515 1503 1577 eidem

237 1618 487 1682 confraternitati
511 1638 544 1679 se
568 1618 866 1680 commendantium
890 1620 1142 1700 provincialibus
1169 1635 1360 1703 procuretur
1383 1635 1415 1683 et
1434 1643 1504 1704 spe-

236 1738 322 1787 retur
344 1724 533 1803 indubitate,
569 1724 608 1785 ad
633 1723 763 1786 laudem
798 1724 850 1785 dei
882 1738 914 1786 et
945 1725 1100 1786 honorem
1135 1727 1244 1788 matris
1279 1727 1379 1788 Marie
1416 1726 1503 1806 fiant,

236 1831 448 1913 disponantur
472 1844 503 1891 et
525 1843 728 1911 peragantur,
752 1831 931 1909 statuimus,
962 1831 1151 1894 ordinamus
1184 1847 1215 1894 et
1246 1833 1278 1893 in
1311 1847 1503 1916 perpetuum

237 1936 389 1998 duratura
413 1935 647 1998 constitucione
668 1935 855 1998 sanccimus.

338 2154 388 2212 De
410 2151 533 2211 nomene
555 2150 727 2225 Kalendini,
752 2166 787 2207 ac
809 2151 1057 2225 confraternitatis
1080 2152 1245 2224 capitulum.

352 2275 393 2336 Et
427 2274 544 2355 primo,
580 2272 668 2354 quod
703 2272 787 2334 dicta
827 2270 1069 2334 confraternitas
1109 2286 1226 2350 nostra,
1262 2270 1504 2334 confraternitas

236 2381 346 2442 matris
368 2378 598 2457 misericordie,
622 2391 656 2439 ut
679 2377 890 2459 prediximus,
915 2378 954 2439 ab
977 2378 1128 2439 omnibus
1158 2378 1287 2460 publice
1318 2378 1503 2440 nominetur

236 2500 268 2548 el
290 2499 431 2548 vocetur.

338 2667 388 2723 De
411 2665 575 2723 cantatione
592 2664 730 2737 psalterii
750 2671 780 2721 et
800 2664 998 2721 temnenatione
1020 2663 1149 2722 eiusdem.

339 2785 436 2860 Quod
462 2785 494 2846 in
520 2784 664 2866 qualibet
687 2783 797 2865 vigilia
825 2784 997 2846 cuiuslibet
1027 2783 1194 2845 benedicte
1225 2784 1358 2865 virginis
1391 2784 1502 2863 Maria,

235 2892 344 2954 matris
367 2890 596 2968 misericordie,
619 2890 653 2951 in
677 2889 775 2951 choro
800 2889 956 2969 eiusdem,
981 2890 1012 2950 in
1045 2890 1177 2950 ecclesia
1202 2890 1301 2951 sancti
1325 2890 1409 2971 regis
1433 2889 1500 2952 Ste-

233 2998 330 3080 phani
355 3009 547 3075 constructo,
571 2995 690 3057 amodo
714 3008 745 3057 et
768 3015 825 3077 per
848 2995 986 3076 amplius
1017 2996 1195 3057 cantabitur
1224 2995 1410 3077 psalterium
1447 3015 1503 3077 per

235 3115 373 3184 quatuor
396 3121 558 3183 personas,
583 3100 767 3182 incipiendo
791 3120 808 3161 a
832 3101 934 3182 prima
966 3101 1046 3161 serie
1072 3121 1172 3182 usque
1204 3101 1243 3162 ad
1276 3102 1423 3162 ultimam
1454 3101 1501 3162 in·

235 3209 364 3270 clusive.
390 3209 430 3268 Et
453 3221 525 3288 post
557 3206 736 3288 quemlibet
771 3220 963 3267 nocturnum
999 3206 1074 3267 dicti
1110 3207 1252 3287 psalterii
1289 3208 1501 3296 cantabuntur

235 3314 301 3375 duo
325 3313 484 3390 versiculi,
508 3312 672 3373 videlicet:
699 3312 798 3373 Maria
823 3325 924 3372 mater
946 3312 1051 3392 gracie
1076 3326 1135 3374 etc.
1159 3348 1202 3357 -
1231 3312 1345 3374 Gloria
1370 3312 1427 3374 tibi
1445 3312 1501 3373 do-

235 3421 322 3481 mine
345 3433 404 3481 etc.
430 3420 470 3480 Et
493 3418 590 3480 finitis
615 3419 681 3479 istis
705 3418 828 3480 dicetur
851 3423 1026 3478 versiculus:
1050 3418 1115 3481 Ora
1133 3439 1194 3501 pro
1212 3419 1306 3481 nobis
1322 3433 1424 3480 mater
1444 3419 1502 3480 mi-

235 3525 407 3587 sericordie
431 3538 490 3586 etc.
516 3525 557 3585 Et
579 3537 753 3606 sequantur
777 3525 955 3586 orationes:
982 3529 1163 3585 Interveniat
1176 3535 1237 3600 pro
1252 3528 1338 3589 nobc's.
1359 3561 1395 3570 -
1418 3529 1501 3585 Deus

234 3635 315 3691 venie
338 3634 471 3706 largitor.
485 3665 527 3675 -
540 3633 664 3690 Exaudi
685 3650 836 3706 quesumus
858 3633 968 3690 domine
983 3635 1151 3706 supplicum.
1168 3667 1205 3675 -
1221 3633 1265 3690 Et
1277 3634 1502 3691 concludentur:

234 3738 296 3796 Per
324 3738 468 3796 Christum
490 3738 635 3794 dominnm
664 3746 800 3799 nostrum.
825 3741 924 3798 Amen.

339 3931 376 3988 In
391 3931 481 4005 sestis
503 3932 570 3990 totis
591 3932 791 4004 sollempnibus
813 3931 892 3989 beate
921 3933 1044 4004 oogmz's
1072 3932 1154 3989 misse
1176 3930 1306 4007 officium
1328 3933 1418 4005 ipsim
1447 3932 1502 3990 ca-

235 4034 349 4095 lendini
368 4038 497 4110 qualiter
513 4035 620 4110 perfici
641 4036 743 4094 debeat.

339 4157 437 4230 Quod
463 4158 495 4218 in
519 4158 666 4239 quolibet
690 4156 770 4219 festo
794 4157 932 4239 gloriose
958 4159 1055 4219 Marie
1081 4159 1216 4239 virginis
1246 4158 1356 4219 matris
1380 4157 1502 4218 miseri-

234 4263 353 4340 cordie,
384 4262 424 4323 ad
458 4263 646 4324 mandatum
681 4263 793 4325 decani
827 4265 1020 4325 conveniant
1052 4283 1165 4326 omnes
1197 4265 1308 4325 fratres
1339 4265 1371 4326 in
1404 4263 1502 4325 choro

232 4369 400 4430 benedicte
424 4369 555 4449 virginis
579 4369 733 4450 predicto,
748 4384 778 4430 et
799 4370 1031 4451 superpelliciis
1054 4371 1229 4432 solenniter
1252 4371 1367 4448 induti,
1391 4370 1500 4431 statim

233 4472 322 4535 finita
344 4475 447 4555 prima
472 4475 618 4535 intersint
641 4475 736 4536 misse
760 4476 936 4537 solenniter
959 4475 1157 4538 decantanda
1189 4477 1229 4538 de
1253 4478 1345 4538 beata
1378 4476 1502 4557 virgine

233 4592 333 4641 matre
358 4580 585 4659 misericordie,
609 4594 705 4662 prout
728 4580 844 4643 festum
877 4582 1019 4663 requirit,
1054 4601 1156 4663 usque
1181 4583 1220 4643 ad
1252 4582 1349 4644 finem
1381 4601 1438 4663 per
1468 4602 1502 4643 se

231 4684 282 4745 vel
306 4705 362 4767 per
384 4685 502 4762 alium3
527 4700 557 4747 et
581 4686 814 4749 concludentur
837 4687 984 4748 collecte:
1010 4688 1126 4765 Prima,
1151 4687 1191 4748 de
1216 4686 1297 4750 festo
1324 4688 1405 4770 ipso,
1425 4701 1502 4750 tunc

233 4790 443 4853 concludetur
467 4791 625 4853 secunda:
650 4795 734 4853 Deus
756 4796 837 4853 euius
859 4794 1060 4865 misericordae,
1084 4807 1114 4854 et
1143 4794 1241 4855 tercia
1265 4812 1324 4876 pro
1348 4793 1499 4876 peccatis.
