3472 5242
672 336 745 394 Dec.
757 347 813 414 54.
834 369 871 379 -
890 336 1050 412 An.15o7.

338 582 373 645 (Α
393 581 493 645 tergo),
531 565 622 642 1506.
647 563 680 623 ln
712 561 853 643 profesto
885 563 975 624 beate
1009 563 1159 641 Barbare,
1188 563 1339 624 dominus
1363 564 1500 626 vicarius

233 669 438 751 adjudicavit,
463 682 497 729 ut
528 668 680 730 Nicolaus
703 667 858 729 litteratus
891 667 930 728 de
955 668 1097 729 Abbacia
1121 667 1202 729 inira
1226 687 1343 730 novem
1367 668 1436 730 dies
1460 669 1499 730 de

234 789 307 838 octo
339 776 468 838 florenis
499 794 555 856 per
587 774 724 835 condam
754 773 891 834 Paulum
922 789 1064 835 sutorem
1096 774 1137 835 de
1161 774 1309 855 lwanych
1332 773 1418 856 apud
1443 774 1500 836 do·

234 884 358 944 minum
391 881 533 943 Blaaium
572 879 778 961 Pohlrowych
814 878 1002 941 defunctum
1040 880 1162 961 legatis,
1195 879 1335 941 dominis
1366 882 1500 963 preben-

235 989 331 1050 dariis
347 986 527 1049 satisfaciat.
543 986 745 1047 Presentibus
762 985 935 1047 venerabili
950 987 1095 1065 domino,
1112 986 1257 1047 lohanne
1274 986 1500 1048 archidiacono

232 1094 412 1176 gorycensi,
461 1094 556 1170 Luca,
592 1092 731 1174 plebano
768 1093 807 1153 de
841 1092 912 1153 vico
947 1105 1091 1154 sutorum
1126 1107 1157 1153 et
1189 1092 1341 1172 magistro
1376 1092 1500 1153 Briccio

234 1200 401 1260 canonico.
436 1199 475 1259 Et
498 1198 636 1260 termino
666 1196 856 1258 adveniente
881 1197 984 1258 adhuc
1009 1219 1046 1259 ex
1070 1198 1266 1278 benignitate
1297 1197 1412 1277 judicis
1435 1196 1500 1259 dati

234 1317 307 1365 sunt
338 1305 398 1366 sibi
431 1319 493 1365 tres
525 1304 602 1382 dies,
635 1304 781 1385 alioquin
804 1304 1145 1365 excommunicabitur.
1171 1303 1338 1365 Presente:
1370 1303 1500 1380 lectore,

236 1410 372 1472 Kemlek
397 1424 455 1472 etc.

343 1516 466 1578 Eodem
499 1517 552 1578 die
584 1516 662 1577 hora
694 1535 909 1597 vesperarum,
934 1514 1078 1595 judicans
1111 1515 1263 1576 dominus
1286 1516 1423 1577 vicarius
1446 1516 1501 1577 de-

236 1623 343 1700 crevit,
368 1636 402 1684 ut
437 1622 618 1704 Stephanus
653 1621 809 1683 litteratus
843 1621 882 1682 de
918 1641 972 1682 sex
1006 1620 1137 1682 florenis
1172 1619 1252 1681 infra
1284 1640 1400 1682 novem
1434 1622 1502 1682 dies

235 1749 309 1790 cum
341 1729 480 1789 dominis
512 1727 730 1810 prebendariis
754 1740 944 1809 componat,
974 1726 1111 1808 quodsi
1136 1746 1330 1808 componere
1354 1746 1420 1788 non
1444 1747 1501 1809 po-

235 1835 308 1896 terit
340 1849 453 1896 extunc
486 1835 552 1916 ipse
587 1853 674 1894 nono
711 1833 762 1893 die
794 1831 1009 1912 juramentum
1043 1852 1081 1894 eo
1107 1832 1216 1910 modo,
1248 1852 1313 1913 quo
1338 1853 1394 1914 per
1416 1833 1502 1894 cives
1586 1884 1589 1889 .

236 1941 267 2001 in
293 1940 412 2020 judicio
445 1940 504 2000 fuit
529 1940 588 2000 sibi
617 1939 832 2018 juramentum
855 1936 1072 2015 adjudicatum
1097 1951 1128 1998 et
1162 1953 1209 1998 tot
1242 1939 1396 2019 personis,
1422 1952 1502 2020 quot

236 2046 296 2106 fuit
328 2046 556 2124 adjudicatum,
591 2044 740 2126 deponet,
774 2043 919 2124 alioquin
951 2043 1052 2104 solvet
1084 2044 1227 2104 debitum
1259 2064 1311 2106 sex
1336 2043 1405 2105 flor.
1428 2043 1502 2106 Pre-

236 2152 378 2212 sentibus
416 2151 535 2212 ibidem
576 2149 748 2210 venerabili
782 2148 916 2210 domino
949 2149 1088 2226 Andrea,
1120 2150 1321 2211 decretorum
1357 2149 1500 2228 doctore,

237 2257 461 2318 archidiacono
488 2257 633 2334 Kemlek,
657 2255 832 2336 magistris:
859 2255 977 2316 Brictio
1001 2268 1032 2316 et
1056 2255 1285 2317 Bartholomeo
1302 2269 1499 2338 succentore,

237 2362 399 2424 canonicis
422 2357 693 2443 zagrabiensibus.

343 2467 457 2528 Adhuc
490 2481 536 2528 est
566 2467 721 2528 terminus
754 2467 846 2527 datus
880 2466 959 2529 feria
987 2468 1083 2529 tercia
1115 2468 1258 2547 proxima
1291 2482 1363 2549 post
1386 2466 1503 2528 festum

237 2573 366 2636 Thome
399 2573 537 2656 apostoli
566 2575 646 2653 1506
677 2592 736 2655 pro
770 2573 943 2635 concordia
978 2573 1094 2636 fienda.
1131 2574 1331 2635 Adveniente
1363 2573 1501 2634 termino

238 2679 390 2743 dominus
420 2680 556 2741 vicarius
589 2679 713 2762 prefixit
742 2680 915 2740 terminum
949 2681 989 2741 ad
1021 2679 1249 2761 deponendum
1282 2680 1377 2741 tercia
1404 2699 1502 2741 manu

238 2784 464 2867 juramentum,
489 2784 602 2847 leriam
631 2799 751 2847 sextam
783 2785 963 2868 proximam
995 2798 1066 2867 post
1094 2798 1222 2846 octavas
1247 2784 1500 2866 Epiphaniarum

237 2891 372 2953 domini.
397 2892 600 2953 Presentibus
623 2891 786 2972 Stephano
811 2891 964 2970 Chersek,
986 2891 1117 2952 Simone
1142 2891 1181 2951 de
1206 2891 1321 2972 Cerye,
1339 2890 1495 2971 plebanis,

239 3011 270 3058 et
293 2998 437 3060 Jankone
462 2997 501 3059 de
526 2998 683 3080 Prybych.

344 3137 481 3203 Originale
500 3137 525 3189 in
545 3139 643 3191 charta.
655 3136 684 3189 ln
704 3137 822 3203 margine
841 3137 959 3189 inferiori
977 3136 1137 3201 impressum
1157 3142 1198 3186 est
1217 3134 1343 3201 sigillum.
1360 3132 1389 3187 In
1402 3135 1502 3189 archiv.

238 3227 299 3277 hon.
319 3229 379 3279 soll.
398 3227 661 3279 Praebendariomtn.

345 3635 419 3685 Auno
441 3633 517 3696 1507,
537 3633 559 3684 7.
577 3630 650 3697 junii.
671 3632 768 3684 Eudae.

248 3795 601 3867 Wadiseaus,ffiengar1·e
630 3802 680 3853 ete.
712 3812 775 3866 rex,
801 3795 945 3866 praecipit
973 3795 1064 3867 baetti,
1097 3803 1131 3850 ut
1159 3795 1275 3863 nobiles,
1304 3796 1332 3851 si
1352 3813 1371 3850 a
1394 3795 1504 3853 civibus

239 3901 470 3975 aagrabiensibus
487 3901 648 3972 partor-aiem
672 3901 720 3957 uel
743 3899 878 3956 telonium
905 3896 1117 3974 redenpserint,
1143 3898 1176 3957 in
1191 3901 1250 3975 jus
1273 3908 1370 3957 vocent
1395 3901 1503 3957 octavis

542 4006 647 4078 petistis
668 4006 698 4061 in
721 4024 810 4078 regno
834 4004 989 4062 Slavom'ae
1014 4005 1195 4064 celebrandis.

927 4143 1086 4194 Commissio
1105 4143 1214 4207 propria
1235 4143 1332 4194 donini
1351 4144 1432 4208 regis.

345 4266 546 4330 Wladislaus
569 4267 620 4328 dei
643 4267 749 4349 gracia
772 4287 826 4328 rex
850 4266 1016 4349 Hungarie
1040 4279 1071 4327 et
1088 4266 1242 4328 Bohemie
1267 4280 1325 4328 etc.
1339 4266 1504 4329 Fidelibus

240 4373 356 4436 nostris
389 4372 566 4455 magnificis
595 4372 721 4435 Andree
754 4373 835 4434 Both
868 4374 907 4433 de
939 4374 1048 4454 Bayna
1080 4386 1110 4433 et
1142 4373 1250 4433 Marco
1283 4371 1438 4434 Horwath
1463 4373 1503 4435 de

242 4479 455 4561 Kamychacz,
479 4499 651 4559 regnorum
683 4493 864 4541 nostrorum
896 4478 1071 4556 Dalmacie,
1104 4477 1238 4540 Croacie
1271 4490 1303 4538 et
1333 4477 1503 4540 Sclavonie

241 4585 343 4662 banis,
368 4598 398 4646 et
418 4585 549 4666 egregio
573 4585 721 4647 Emerico
745 4584 785 4646 de
809 4583 1223 4666 Hassagh,proth0notario
1246 4582 1390 4649 eiusdem
1414 4585 1503 4666 regni

242 4689 341 4751 nostri
367 4689 547 4771 Sclavonie,
560 4692 696 4753 salutem
720 4705 751 4754 et
774 4692 925 4772 graciam.
942 4691 989 4751 Ex
1011 4689 1150 4771 querelis
1166 4702 1196 4749 et
1211 4688 1505 4770 supplicacionibus

241 4795 387 4859 fidelium
418 4810 601 4859 nostrorum
633 4797 936 4881 circumspectorum
971 4796 1086 4879 judicis
1117 4808 1148 4859 et
1171 4794 1359 4877 juratorum,
1384 4811 1504 4859 cetero·
