3472 5242
239 363 273 404 12
677 346 751 404 Dor.
766 359 798 419 9.
821 379 856 388 -
885 347 939 404 Aa.
957 359 1044 420 1501.

232 572 361 655 populis
392 586 423 633 et
455 572 568 633 incolis
599 572 743 633 eiusdem
777 593 814 633 ex
853 573 1012 634 tricesima
1048 585 1155 633 nostra
1188 571 1273 632 illius
1302 572 1376 651 loci,
1401 592 1497 653 quam

234 678 382 739 videlicet
415 678 512 739 iidem
544 679 628 739 cives
661 678 782 739 ibidem
814 679 853 739 de
878 680 973 739 rebus
997 691 1028 738 et
1049 677 1208 738 mercibus
1236 696 1349 738 eorum
1374 678 1497 738 solvere

233 785 362 862 habent,
388 783 469 845 infra
494 784 589 845 trium
614 784 773 845 annorum
797 785 903 866 spacia
920 804 937 844 a
956 783 1029 844 data
1049 782 1250 865 presencium
1267 783 1497 864 computando,

235 891 420 972 quottannis
444 891 572 971 triginta
597 890 678 951 duos
702 890 841 951 florenos
866 888 1072 950 defalcandos
1095 901 1126 949 et
1141 888 1340 966 relaxandos,
1358 889 1498 970 ipsisque

234 997 357 1058 civibus
388 995 512 1056 dandos
536 1008 567 1057 et
591 995 792 1076 deputandos
825 995 985 1073 duximus,
1009 995 1109 1056 immo
1138 993 1335 1055 delalcamus
1358 1015 1394 1056 ac
1418 995 1497 1056 rela-

234 1120 355 1179 xamus,
380 1102 557 1182 damusque
582 1115 613 1163 et
637 1101 827 1183 deputamus
855 1102 1056 1183 presencium
1081 1120 1136 1183 per
1159 1101 1314 1181 vigorem.
1339 1101 1498 1174 Quocirca

233 1207 334 1284 vobis,
359 1205 508 1268 fidelibus
532 1208 658 1285 nostris,
682 1207 818 1288 egregiis
842 1206 1125 1268 tricesimatoribus
1148 1207 1312 1288 prescripti
1337 1206 1410 1284 loci,
1427 1226 1498 1287 pre·

234 1311 377 1371 sentibus
400 1311 520 1372 scilicet
543 1326 575 1373 et
598 1311 723 1391 futuris,
746 1327 908 1393 presentes
932 1312 1055 1390 visuris,
1077 1312 1190 1373 harum
1214 1313 1294 1374 serie
1318 1311 1498 1373 firmissime

235 1417 465 1478 committimus
490 1431 521 1478 et
544 1418 733 1497 mundanus,
751 1431 908 1498 quatenus
931 1417 1062 1500 prefatis
1085 1419 1208 1479 civibus
1232 1431 1263 1479 et
1286 1417 1399 1479 incolis
1415 1418 1498 1480 dicte

236 1521 371 1583 civitatis
382 1523 662 1604 Montisgrecensis
679 1544 715 1584 ex
733 1524 890 1584 tricesima
905 1543 1027 1601 eorum,
1043 1543 1140 1604 quarn
1157 1523 1267 1602 iidem,
1280 1535 1315 1584 ut
1331 1521 1488 1604 prefertur

235 1627 274 1687 de
288 1630 383 1688 rebus
395 1648 506 1689 eorum
521 1630 644 1690 solvere
658 1629 787 1706 habent,
799 1629 934 1709 singulis
949 1631 1041 1691 annis
1058 1628 1138 1691 infra
1155 1643 1281 1711 tempus
1297 1629 1498 1711 premissum,

234 1733 378 1813 singulos
411 1735 539 1815 triginta
572 1735 654 1797 duos
688 1736 826 1797 florenos
855 1737 994 1798 relaxare
1026 1756 1061 1797 ac
1094 1736 1133 1796 ad
1167 1747 1307 1796 nostram
1336 1735 1497 1796 racionem

235 1838 404 1918 del'alcare,
423 1840 559 1921 illosque
585 1841 705 1903 eisdem
723 1842 797 1902 dare
815 1855 846 1903 et
862 1841 1037 1902 concedere
1055 1841 1160 1902 modis
1176 1841 1327 1901 omnibus
1346 1841 1498 1918 debeatis,

235 1965 339 2025 neque
372 1961 540 2028 propterea
573 1948 657 2029 ipsos
691 1948 722 2008 in
746 1948 891 2029 personis
923 1961 977 2009 aut
1004 1949 1098 2009 rebus
1130 1966 1242 2008 eorum
1267 1947 1382 2028 quovis
1404 1959 1498 2029 pacto

235 2051 390 2133 impedire
415 2073 471 2113 seu
495 2055 622 2115 turbare
646 2054 837 2135 presumatis
868 2073 925 2114 nec
949 2053 1016 2115 sitis
1039 2053 1108 2114 ausi
1133 2052 1232 2114 modo
1257 2053 1400 2133 aliquali.
1426 2053 1499 2113 Pre-

234 2157 377 2218 sentibus
401 2159 556 2240 perlectis,
571 2159 732 2221 exhibenti
756 2161 918 2222 restitutis.
936 2161 1056 2221 Datum
1082 2158 1172 2220 Bude
1197 2160 1329 2220 sabbato
1352 2158 1499 2239 proximo

234 2276 306 2344 post
329 2263 445 2324 festum
477 2265 676 2327 sacratissimi
713 2266 856 2347 corporis
889 2265 1017 2327 Christi.
1042 2269 1138 2326 Anno
1170 2265 1292 2325 domini
1326 2264 1499 2324 millesimo

235 2369 493 2449 quingentesimo
525 2371 640 2451 primo.
678 2372 864 2452 Regnorum
901 2385 1083 2433 nostrorum
1119 2369 1284 2451 Hungarie
1318 2383 1376 2430 etc.
1411 2389 1496 2431 armo

237 2473 421 2553 undecimo,
445 2474 601 2537 Bohemie
626 2497 702 2538 vero
726 2477 888 2539 tricesimo
914 2477 1030 2559 primo.

631 2583 761 2643 Relatio
786 2582 947 2664 magnifici
971 2583 1095 2644 domini
1120 2582 1274 2643 Johannis
1299 2583 1499 2663 Bornemyza

679 2671 870 2733 thezaurarii
894 2672 979 2752 regie
1006 2671 1189 2732 Maiestatis.

342 2773 477 2838 Originale
501 2776 527 2825 in
547 2775 683 2829 chartam
709 2776 826 2841 margine
846 2774 965 2827 inferiori
989 2777 1145 2839 impressum
1166 2781 1207 2825 est
1227 2775 1351 2840 sigillum.
1370 2774 1406 2826 ln.
1427 2775 1498 2826 arch.

237 2860 273 2911 lib
302 2875 357 2926 reg.
378 2862 426 2913 civ.
447 2864 553 2926 zagrab.

852 3059 887 3125 9.

341 3200 417 3251 Anno
439 3200 513 3263 1501,
534 3201 575 3252 20.
595 3199 708 3264 augusti.
729 3197 876 3250 Varasdini.

235 3309 384 3381 lohannes
412 3310 563 3384 Corvinus,
588 3310 651 3367 dux
673 3318 702 3366 et
721 3310 822 3378 banus,
841 3307 986 3381 Stephano
1004 3308 1140 3364 carronico
1163 3308 1262 3363 lectori
1281 3306 1433 3380 r'aterdrcr't,
1459 3324 1494 3363 ne

227 3413 341 3486 judicet
360 3416 394 3472 dr
416 3416 473 3486 lire,
488 3435 562 3490 qaae
585 3418 660 3472 inter
675 3417 750 3472 river
765 3423 793 3472 et
807 3411 988 3482 Mz'clzaclcm,
1006 3414 1136 3486 Petrum,
1158 3413 1350 3487 Valentinum,
1366 3412 1497 3468 Domini·

235 3536 358 3592 cumque
389 3521 516 3578 Perovt'c‘
546 3529 662 3594 agatur,
685 3522 832 3595 jubetque,
859 3529 892 3576 ul
923 3521 1076 3577 arbitrium
1107 3521 1169 3577 eius
1199 3520 1245 3577 rei
1271 3519 1424 3592 rejiciatur
1458 3517 1502 3575 ad

723 3628 847 3683 titulatis
869 3627 1007 3684 tribunal.

342 3745 503 3807 lohannes
534 3747 696 3807 Coruinus
727 3746 886 3828 Oppauie,
911 3746 1147 3826 Lipthouieque
1177 3744 1240 3805 dux
1265 3764 1299 3804 ac
1324 3763 1497 3824 regnorum

238 3850 412 3929 Dalmacie,
430 3854 563 3914 Croacie
589 3868 618 3914 et
644 3853 812 3913 Sclavonie
837 3853 938 3912 banus
963 3865 1020 3912 etc.
1038 3852 1138 3912 Vobis
1164 3849 1339 3911 venerabili
1365 3848 1499 3910 domino
1530 3844 1536 3852 ’

239 3955 401 4036 Stephano
425 3957 547 4035 lectori,
571 3959 726 4019 canonico
749 3973 780 4019 et
803 3957 921 4018 vicario
950 3957 1080 4017 ecclesie
1105 3955 1329 4037 zagrabiensis,
1354 3954 1499 4016 salutem.

239 4060 427 4141 Expositum
460 4077 506 4124 est
539 4065 632 4124 nobis
665 4084 724 4145 pro
756 4077 844 4145 parte
878 4063 1181 4143 circumspectorum
1216 4060 1390 4137 Michaelis,
1416 4060 1499 4120 Petri

238 4166 475 4246 corigiatorum,
493 4190 528 4229 ac
545 4169 706 4230 Valentini
722 4169 848 4250 generis
864 4169 1001 4229 condam
1020 4169 1110 4250 Elye,
1128 4167 1274 4228 similiter
1290 4165 1499 4247 corigiatoris,

238 4271 356 4331 civium
374 4273 509 4334 civitatis
523 4289 628 4336 nostre
643 4275 931 4355 Montisgrecensis,
946 4288 1151 4336 executurum
1163 4272 1343 4334 testamenti
1355 4270 1499 4331 eiusdem

239 4376 374 4438 condam
401 4379 491 4460 Elye,
516 4381 681 4461 quomodo
715 4382 800 4463 ipsos
823 4381 1068 4462 circumspectus
1099 4379 1286 4440 Dominicus
1323 4376 1499 4458 Perowych

239 4482 366 4543 racione
391 4485 557 4546 cuiusdam
589 4487 784 4548 domuncule
815 4507 870 4548 seu
897 4488 994 4565 bolte,
1017 4488 1049 4547 in
1084 4506 1146 4566 qua
1176 4486 1243 4566 ipsa
1267 4503 1316 4544 ars
1340 4482 1500 4563 corigialis

239 4587 321 4647 solet
345 4588 493 4668 laborari,
518 4611 573 4652 eos
597 4593 690 4653 vestri
717 4593 748 4652 in
773 4593 968 4673 presenciam
1002 4592 1201 4653 convenisset
1225 4589 1257 4650 in
1283 4607 1421 4666 causam,
1447 4608 1498 4647 ex-

239 4692 378 4773 indeque
402 4695 531 4757 eosdem
558 4716 614 4778 per
637 4717 694 4758 vos
715 4698 839 4780 gravari
855 4699 1057 4779 protenderet
1073 4697 1105 4758 in
1123 4694 1334 4778 preiudicium
1352 4693 1495 4774 ipsorum

239 4796 453 4863 manifestum.
478 4801 563 4865 Cum
586 4817 693 4866 autem
716 4803 783 4886 ipse
807 4804 997 4866 Dominicus
1012 4800 1187 4884 l'erowych
1203 4802 1368 4861 obtentant
1384 4811 1494 4859 notam
