3472 5242
660 340 732 399 Dor.
750 335 802 416 84.
821 372 860 381 -
880 340 936 396 An.
955 350 1042 415 1510.
1440 357 1476 416 9¹

215 445 392 453 ——-—-
766 444 1068 452 ,ὑῆ-

216 566 405 627 constitutus
430 578 620 643 censeretur,
643 565 797 646 quodque
821 565 937 646 aliquis
962 585 997 626 ex
1023 565 1219 646 zagrabiensi
1246 578 1278 627 et
1302 565 1482 628 chasmensi

217 673 421 735 ecclesiarum
446 672 660 755 predictarum
688 672 850 733 canonicis
872 671 1089 753 parochialem
1114 672 1281 734 ecclesiam
1305 672 1481 755 predictam

217 792 248 840 et
272 779 371 860 ipsius
395 777 587 860 parochialis
610 779 741 839 ecclesie
766 791 879 857 rector,
904 779 959 858 qui
983 797 1041 860 pro
1066 791 1210 859 tempore
1234 777 1326 856 foret,
1350 777 1481 839 canoni-

217 899 322 946 catum
353 898 384 946 et
417 885 612 967 prebendam
646 885 678 945 in
710 885 817 965 aliqua
853 904 890 945 ex
915 884 1006 945 dictis
1029 885 1227 965 zagrabiensi
1252 897 1282 946 et
1306 883 1481 946 chasmensi

217 991 360 1072 optinere
385 1010 450 1052 non
474 1005 591 1073 posset,
615 1010 651 1051 ac
684 990 819 1052 collacio
843 1003 873 1052 et
896 990 1062 1072 promocio
1087 991 1126 1051 de
1150 989 1324 1072 parochiali
1349 990 1482 1052 ecclesia

217 1110 271 1157 aut
294 1096 483 1158 canonicatu
508 1111 538 1157 et
561 1095 723 1178 prebenda
740 1096 926 1158 huiusmodi
944 1097 1046 1157 eciam
1061 1117 1118 1178 per
1134 1096 1244 1158 sedem
1260 1097 1482 1178 apostolicam,

217 1203 318 1264 eciam
342 1216 432 1264 motu
456 1203 597 1284 proprio,
615 1203 706 1264 aliter
732 1223 790 1284 pro
814 1216 958 1284 tempore
983 1201 1082 1281 factis,
1099 1203 1220 1264 nullius
1237 1215 1341 1264 essent
1357 1202 1482 1264 roboris

217 1309 267 1371 vel
293 1309 458 1386 momenti,
475 1308 634 1370 statuendi
651 1324 681 1371 et
698 1308 867 1370 ordinandi
884 1309 1050 1370 licenciam
1068 1321 1099 1370 et
1116 1308 1297 1370 facultatem
1316 1309 1481 1388 concessit,

217 1429 312 1496 prout
342 1415 374 1476 in
409 1413 500 1475 dictis
530 1415 642 1476 litteris
674 1415 811 1496 desuper
844 1413 996 1476 conlectis
1029 1415 1155 1496 plenius
1178 1415 1369 1476 continetur.
1395 1414 1480 1476 Cum

219 1534 324 1582 autem
350 1521 442 1582 Pater
474 1534 579 1581 sancte
616 1519 756 1603 prelatus
780 1522 881 1581 Lucas
913 1521 1081 1603 episcopus
1105 1534 1279 1601 antequam
1303 1521 1343 1582 ad
1367 1540 1480 1582 execu-

219 1627 344 1688 cionem
378 1626 533 1688 dictarum
567 1626 744 1688 litterarum
769 1626 955 1708 procederet
978 1626 1123 1688 debitum
1147 1640 1259 1688 nature
1283 1627 1482 1707 persolverit,

219 1733 325 1794 devoti
344 1745 486 1794 oratores
504 1734 596 1794 vestri
615 1733 789 1814 capitulum
808 1733 939 1794 ecclesie
956 1733 1171 1815 zagrabiensis
1185 1733 1317 1815 cupiunt
1330 1733 1482 1813 premissa

218 1839 402 1900 execucioni
427 1838 533 1899 debite
559 1838 756 1916 demandari,
779 1852 812 1899 ut
836 1839 968 1900 ecclesia
993 1839 1060 1921 ipsa
1084 1858 1177 1900 muro
1199 1839 1342 1921 predicto
1363 1838 1481 1899 muniri

217 1945 368 2006 adversus
404 1945 559 2026 impetum
595 1944 800 2005 Thurcorum
836 1945 949 2023 valeat,
981 1966 1016 2006 ac
1051 1945 1248 2027 prepositum
1281 1958 1352 2026 post
1383 1958 1483 2005 trans·

218 2051 376 2113 lacionem
408 2049 600 2132 parochialis
632 2050 763 2111 ecclesie
796 2050 835 2110 ad
871 2050 1038 2112 ecclesiam
1074 2051 1258 2112 monasterii
1295 2050 1480 2112 huiusmodi

218 2155 338 2217 eisdem
369 2156 545 2237 privilegiis
576 2170 606 2217 et
635 2156 844 2235 libertatibus,
869 2157 971 2218 eciam
996 2157 1125 2238 quoad
1151 2157 1432 2218 conservacionem
1453 2171 1483 2218 et

219 2263 393 2324 tuicionem
418 2262 536 2324 iurium
554 2277 584 2324 et
602 2264 784 2325 libertatum
801 2264 931 2345 capituli
950 2263 1081 2325 ecclesie
1098 2264 1323 2345 zagrabiensis,
1340 2263 1480 2344 gaudere

219 2368 358 2446 deberet,
383 2369 500 2449 quibus
523 2369 684 2449 gaudebat
707 2370 805 2431 abbas
830 2370 1015 2431 monasterii
1039 2370 1271 2451 supprimendi.
1294 2368 1483 2450 Supplicant

220 2475 315 2555 igitur
339 2474 502 2535 humiliter
524 2475 628 2537 eidem
655 2475 685 2537 S.
702 2476 740 2536 V.
759 2490 901 2537 oratores
917 2476 1029 2558 prelati
1048 2490 1205 2556 quatenus
1221 2495 1277 2537 eos
1293 2476 1485 2557 specialibus

219 2579 382 2642 favoribus
416 2595 446 2641 et
479 2581 594 2661 graciis
629 2597 884 2664 prosequeretur,
910 2584 1042 2645 Alberto
1074 2582 1272 2663 zagrabiensi
1297 2594 1328 2644 et
1352 2581 1480 2643 Andree

219 2685 413 2748 chasmensis
437 2688 640 2748 ecclesiarum
667 2689 835 2769 prepositis
861 2703 895 2750 ut
920 2688 959 2749 ad
984 2688 1205 2750 executionem
1228 2688 1383 2749 dictarum
1402 2688 1485 2748 litte·

219 2811 326 2852 rarum
361 2792 392 2854 S.
424 2793 462 2854 V.
494 2793 679 2875 procedant,
708 2814 743 2855 ac
775 2794 799 2855 si
832 2795 886 2855 ille
919 2795 965 2855 cis
997 2795 1114 2855 directe
1149 2792 1298 2870 luissent;
1331 2793 1485 2874 quodque

220 2896 320 2957 eciam
354 2911 489 2958 statuere
522 2899 654 2979 possint,
688 2899 775 2979 quod
809 2898 912 2960 dictus
943 2900 1123 2981 prepositus
1155 2899 1237 2960 dicte
1267 2897 1485 2961 transferende

221 3002 363 3081 ecclesie,
381 3017 551 3085 postquam
573 3004 722 3065 translata
747 3004 851 3083 luerit,
866 3005 986 3066 eisdem
1011 3005 1186 3086 privilegiis
1202 3006 1350 3087 gaudeat,
1368 3006 1485 3086 quibus

220 3109 318 3171 abbas
341 3111 524 3172 monasterii
549 3111 768 3192 supprimendi
793 3112 953 3190 gaudebat
977 3112 1129 3173 latissime
1153 3112 1371 3189 extendentes,
1396 3130 1485 3171 man-

220 3214 295 3276 dare
312 3215 489 3296 dignemini
504 3216 542 3277 de
559 3217 664 3297 gracia
687 3217 834 3298 speciali3
858 3216 1145 3279 constitucionibus
1168 3230 1198 3278 ct
1223 3216 1486 3277 ordinacionibus

220 3322 403 3402 apostolicis
432 3342 490 3383 nec
522 3342 586 3383 non
620 3323 770 3383 omnibus
803 3323 876 3400 illis,
908 3343 970 3404 que
996 3323 1031 3383 E.
1061 3323 1092 3383 S.
1117 3323 1156 3385 V.
1183 3323 1216 3383 in
1248 3322 1339 3383 dictis
1372 3321 1483 3382 litteris

220 3427 323 3488 voluit
347 3448 412 3489 non
437 3431 572 3506 obstare,
598 3429 774 3510 ceterisque
798 3429 831 3490 in
856 3430 1051 3490 contrarium
1069 3428 1258 3489 facientibus
1275 3447 1340 3489 non
1357 3427 1485 3488 obstan·

221 3533 305 3594 tibus
329 3535 586 3615 quibuscumque
612 3554 683 3595 curn
710 3535 861 3596 clausulis
885 3535 1075 3616 opportunis
1099 3548 1129 3596 et
1153 3534 1321 3595 consvetis.

328 3674 347 3724 E
368 3689 469 3725 coaevo
489 3680 654 3738 transumpto
672 3675 792 3727 Andreae
813 3675 868 3731 DI).
888 3682 914 3727 et
934 3690 1027 3727 canon.
1047 3675 1237 3739 zagrabiensls.
1266 3676 1292 3725 ln
1312 3675 1409 3725 archiv.
1430 3688 1486 3726 von.

222 3761 306 3825 Capit.
328 3764 432 3827 zagrab.

822 3978 885 4042 84.

327 4099 401 4149 Anno
423 4101 497 4152 1510.
517 4098 672 4164 Zagrablae.

215 4243 370 4318 johannes
394 4245 506 4318 frater,
530 4252 621 4302 custos
653 4245 795 4303 custodiae
817 4245 1024 4322 zngrabicnsr's,
1052 4243 1179 4321 Georgia
1204 4245 1264 4300 ciri
1283 4246 1400 4317 ejusque
1416 4252 1485 4317 pro·

214 4349 336 4422 pannis
366 4350 418 4406 dat
438 4352 493 4425 jus
522 4351 647 4423 sepulcri
675 4352 707 4408 in
735 4351 906 4407 nronasteria
928 4368 950 4409 s.
976 4351 1134 4423 Francisci,
1161 4349 1327 4423 Zugrabr'ae
1342 4349 1485 4423 [rutilato.

328 4487 396 4548 Nos
427 4487 522 4550 lrater
552 4488 714 4549 lohannes
745 4488 785 4549 de
819 4489 1018 4569 Posegawar,
1043 4501 1148 4549 custos
1178 4487 1487 4568 custodie-zagrabi·

224 4592 308 4653 ensis
339 4593 413 4654 licet
444 4594 620 4672 inmeritus,
645 4595 781 4656 salutem
812 4608 843 4655 et
876 4614 988 4676 pacem
1022 4595 1054 4656 in
1086 4594 1220 4655 domino
1248 4592 1485 4674 sempiternam.

224 4698 308 4760 Cum
342 4719 359 4760 a
390 4700 484 4761 nobis
517 4701 634 4782 petitur
665 4720 682 4762 a
714 4701 776 4783 piis
807 4701 1056 4762 revelationibus
1086 4700 1213 4782 piorum
1245 4697 1486 4760 benefactorum

224 4819 404 4867 nostrorum
437 4805 642 4868 confirmacio
666 4827 722 4869 seu
745 4807 914 4870 roboracio
937 4807 1074 4889 sepulcri
1099 4824 1211 4867 eorum
1236 4805 1267 4865 in
1291 4805 1486 4866 monasterio
