3472 5242
239 400 286 410 b
299 406 333 410 .-
363 406 415 411 ..-
431 405 573 413 .-—.-

242 530 312 589 pium
340 528 510 578 statutorium
536 543 617 593 super
642 532 818 594 possessione
848 533 1050 586 Wanibolowcz.
1077 537 1246 603 Privilegium
1275 551 1357 602 super
1378 540 1457 591 curiis
1480 547 1507 592 et

241 613 458 677 possessionibus
473 617 498 667 ln
509 614 639 683 Zagorya.
650 617 821 686 Privilegium
834 635 915 686 super
928 637 1059 675 consensu
1074 625 1178 677 comitis
1191 623 1256 677 Cilie
1271 627 1303 677 ad
1317 628 1506 690 possessiones

240 701 265 752 in
285 700 414 769 Zagorya.
430 733 462 741 —
481 704 682 770 Transumptum
702 721 784 771 super
803 710 880 761 bonis
901 711 925 762 in
945 709 1067 777 Zagorya
1091 739 1118 750 -·
1136 712 1225 764 Litere
1245 719 1336 765 nostre
1356 719 1504 781 transump-

238 791 359 856 >cionules
386 792 411 844 in
436 795 539 858 papiro.
561 823 590 833 -·
612 795 676 848 Item
700 795 777 848 litere
801 813 881 863 super
900 799 1047 853 donacione
1067 800 1250 866 possessionis
1270 803 1296 854 in
1317 801 1440 870 Zagorya
1458 819 1507 869 per

242 879 383 942 capitulum
412 881 437 931 iu
463 880 565 946 papiro.
587 913 618 921 -
648 883 754 936 Literae
782 887 974 940 introductorie
1002 903 1083 954 super
1109 890 1283 955 possessione
1310 892 1453 957 Corytbno.
1473 921 1505 932 -

244 965 308 1017 ltem
336 969 413 1020 litere
440 969 549 1037 Georgii
569 972 634 1037 Pyrs
660 987 741 1037 super
766 975 941 1038 possessione
966 977 991 1027 in
1016 975 1148 1043 Zagorya.
1172 1007 1206 1016 -
1232 978 1400 1045 Privilegium
1425 994 1507 1046 super

241 1055 318 1106 vinea
337 1057 488 1121 hospitalis.
509 1088 540 1097 -
560 1059 623 1111 ltem
643 1062 720 1112 litere
740 1061 848 1127 capituli
867 1064 1049 1128 zagrabieusis
1069 1066 1282 1132 impignoraticie
1301 1070 1334 1119 de
1354 1066 1503 1134 Scbytario.

243 1171 273 1180 -
294 1143 463 1210 Privilegium
491 1146 600 1211 capituli
624 1149 806 1213 zagrabiensis
832 1151 897 1202 satis
923 1153 1085 1204 distractum.
1111 1183 1138 1190 —
1164 1154 1230 1207 item
1254 1155 1331 1207 litere
1357 1155 1383 1206 in
1406 1157 1502 1220 papiro

242 1228 356 1283 Simonis
377 1231 442 1285 civis
463 1235 488 1285 in
508 1235 647 1300 Crappina.

346 1353 402 1411 Act.
424 1359 487 1423 Cap.
507 1366 559 1413 ant.
579 1360 643 1411 fase.
664 1362 720 1414 101.

831 1595 912 1661 101.

349 1745 421 1797 buno
445 1749 518 1812 1512,
539 1751 562 1803 5.
583 1751 653 1802 maii.
672 1751 700 1803 ln
719 1751 859 1818 Visegrad.

252 1873 425 1945 Vladrslous,
461 1878 563 1951 Hrcng.
600 1886 647 1936 etc.
678 1899 741 1949 rex,
771 1879 899 1952 capituli
929 1879 1128 1954 cagcubicnsr's
1150 1883 1346 1953 patrocinium
1377 1885 1504 1960 suscipit,

243 1979 379 2054 bonisque
408 1984 536 2060 rnurrdut,
560 1993 594 2042 ut
614 1983 776 2059 capitulum
799 1986 837 2043 ab
858 1986 1082 2061 insectatoribus,
1100 1988 1302 2064 praeceptura
1326 1989 1506 2047 Balthusure

738 2091 850 2167 Alupil
867 2100 1009 2150 tucantur.

934 2229 1091 2282 Commissio
1111 2231 1220 2295 propria
1238 2231 1336 2283 domini
1354 2232 1436 2298 regis.

351 2352 548 2415 Wladislaus
572 2356 621 2416 dei
647 2356 751 2436 gracia
776 2376 828 2417 rex
852 2355 1016 2438 Hungarie
1036 2369 1066 2417 et
1086 2355 1240 2418 Bohemie
1261 2369 1319 2419 etc.
1342 2357 1508 2420 Fidelibus

243 2458 359 2519 nostris
383 2457 497 2521 futuris
520 2481 692 2542 regnorum
717 2476 899 2524 nostrorum
926 2463 1101 2541 Dalmacie,
1126 2462 1259 2524 Croucie
1282 2477 1312 2524 et
1335 2463 1506 2526 Sclauonie

244 2564 345 2642 banis,
370 2566 505 2628 salutem
530 2581 560 2628 et
583 2569 733 2649 graciam.
763 2569 927 2642 Quoniam
952 2588 1010 2630 nos
1033 2568 1144 2629 fideles
1168 2581 1293 2631 nostros
1315 2567 1505 2632 honorabile

243 2670 417 2752 capitulum
452 2675 584 2736 ecclesie
608 2676 822 2756 zagrsbiensis
845 2676 1017 2736 simulcum
1042 2675 1198 2736 universis
1222 2694 1333 2736 eorum
1359 2675 1453 2737 bonis
1476 2689 1507 2738 et

243 2779 507 2859 possessionibus,
528 2782 799 2863 porcionibusque
824 2796 854 2843 et
879 2781 1076 2862 quibuslibet
1100 2781 1222 2861 juribus
1245 2781 1506 2862 possessionariis

214 2911 217 2918 ⁴
244 2885 332 2946 iustis
355 2899 464 2967 utputa
485 2900 516 2947 et
533 2887 707 2968 legittimis,
726 2888 757 2948 in
779 2901 918 2949 nostram
939 2887 1060 2969 regiam
1077 2887 1256 2968 recepimus
1272 2887 1504 2969 protectionem

243 3007 273 3054 et
296 2994 429 3054 tutelam
455 2994 636 3075 specialem,
660 2994 791 3074 viceque
816 3008 847 3055 et
871 2994 902 3054 in
923 3013 1059 3075 persona
1079 3005 1185 3054 nostre
1208 2993 1381 3054 Maiestatis
1404 3007 1505 3055 vestre

243 3099 478 3161 committentes
510 3099 659 3161 duximus
689 3099 822 3161 tuicioni
857 3113 888 3160 et
920 3098 1126 3180 proteccioni,
1151 3098 1251 3158 immo
1281 3098 1453 3180 recipimus
1477 3113 1507 3162 et
1612 3128 1623 3146 ·

243 3206 473 3266 committimus
507 3226 563 3287 per
597 3219 769 3287 presentes,
799 3204 987 3265 mandantes
1022 3216 1053 3263 et
1088 3202 1324 3264 committentes
1358 3202 1504 3266 fidelitati

243 3325 343 3372 vestre
375 3311 487 3372 harum
520 3313 599 3373 serie
631 3310 837 3388 strictissime,
861 3322 896 3371 ut
927 3308 1046 3370 amodo
1078 3306 1217 3389 prelatos
1250 3309 1440 3390 capitulares
1471 3309 1504 3370 in

243 3418 392 3500 predictis
423 3419 517 3479 bonis
548 3431 579 3478 et
609 3419 704 3479 rebus
735 3417 876 3498 ipsorum
910 3414 1007 3496 justis,
1033 3427 1067 3474 ut
1095 3411 1262 3495 prefertur,
1286 3428 1316 3475 et
1340 3415 1506 3496 legittimis

243 3538 351 3585 contra
373 3523 535 3604 quoslibet
559 3523 756 3604 illegittimos
776 3521 972 3603 impetitores
989 3532 1019 3580 et
1034 3519 1197 3600 signanter
1213 3533 1322 3581 contra
1339 3521 1504 3602 egregium

244 3631 407 3692 Balthasar
439 3629 478 3691 de
510 3630 601 3710 Alap,
634 3630 689 3709 qui
722 3628 842 3689 eisdem
877 3625 1112 3708 exponentibus
1143 3625 1254 3686 dietim
1286 3626 1504 3689 insultans'in

243 3737 361 3799 eisdem
394 3736 487 3796 bonis
516 3736 658 3816 ipsorum
684 3735 768 3795 varia
793 3733 931 3815 dampna
956 3744 986 3792 et
1010 3731 1141 3792 iniurias
1165 3729 1280 3792 inferre
1304 3751 1370 3793 non
1394 3747 1505 3812 cessat,

242 3856 419 3925 protegere,
447 3842 528 3902 tueri
566 3862 600 3902 ac
639 3839 804 3902 defensare
839 3854 869 3901 et
905 3837 1121 3920 indempniter
1155 3850 1363 3899 manutenere
1399 3839 1505 3901 modis

243 3950 393 4011 omnibus
418 3949 559 4009 debeatis
583 3962 613 4009 et
637 3948 809 4010 teneamini
828 3945 1001 4009 Maiestatis
1023 3957 1129 4006 nostre
1148 3943 1180 4004 in
1197 3963 1333 4025 persona
1350 3956 1380 4004 et
1396 3959 1504 4006 aucto·

243 4056 332 4116 ritate
365 4069 470 4115 nostra
502 4055 701 4135 presentibus
733 4053 824 4116 vobis
855 4053 886 4113 in
921 4051 979 4112 hac
1010 4064 1098 4132 parte
1127 4048 1269 4130 plenarie
1299 4069 1447 4112 concessa
1474 4065 1504 4113 et

243 4161 365 4241 justicia
389 4159 562 4221 mediante.
588 4161 685 4222 Secus
713 4160 802 4221 nulla
826 4159 948 4220 ratione
972 4155 1095 4218 facturi.
1120 4155 1324 4217 Presentibus
1347 4156 1504 4238 perlectis,

243 4266 403 4328 exhibenti
435 4265 594 4326 restitutis.
620 4266 737 4326 Datum
772 4266 803 4325 in
828 4262 1025 4346 Wyssegred
1053 4259 1130 4322 feria
1156 4275 1267 4342 quarta
1292 4275 1364 4344 post
1387 4261 1503 4324 festum

243 4372 441 4434 invencionis
472 4385 577 4432 sancte
610 4372 732 4433 Crucis.
757 4375 853 4432 Anno
881 4370 1004 4431 domini
1038 4368 1504 4450 millesimoquingentesimo

242 4478 446 4541 duodecimo.

348 4616 484 4683 Originule
503 4616 528 4669 iu
549 4619 645 4669 charta.
664 4617 692 4668 ln
712 4617 829 4683 margine
849 4616 966 4667 lnierlori
986 4616 1144 4681 impressum
1163 4620 1205 4667 est
1223 4615 1348 4680 sigillum.
1363 4613 1392 4664 ln
1406 4613 1503 4665 arebla.

242 4708 305 4773 Cup.
324 4709 379 4759 Act.
400 4707 454 4770 Cap
484 4710 528 4757 ant
556 4707 619 4758 fasc.
640 4707 662 4756 2.
684 4721 721 4756 nr.
741 4707 783 4759 29.
