3472 5242
653 360 728 420 Dec.
753 370 821 436 172.
846 393 889 403 —
913 361 1081 436 An.1521.

825 585 906 653 172.

336 741 410 793 Anno
433 742 508 794 1521.
530 742 569 794 15.
590 744 747 795 decembris.
768 742 865 796 Budas.

231 871 393 928 ludovicus
417 872 471 939 ΙΙ.,
495 871 597 944 Hung.
621 879 671 930 etc.
695 889 758 946 rex,
782 872 907 944 capitulo
940 871 1122 944 engrabienst
1146 879 1203 944 per
1237 868 1400 927 decennium
1435 888 1500 927 con·

230 975 313 1046 cedit,
336 983 371 1032 ut
399 977 528 1035 *mitteres
559 977 637 1046 auti,
667 974 794 1050 argenti,
828 977 913 1049 cupri
939 977 1119 1050 aliorumque
1153 972 1333 1033 metallorum
1369 975 1500 1055 indaget,

230 1082 356 1154 aperiat,
389 1082 576 1156 conferasque
611 1083 641 1138 in
676 1100 758 1139 usum
781 1100 863 1138 suum
894 1100 928 1139 ea
951 1081 1032 1139 inodo
1060 1081 1228 1150 condicione,
1252 1089 1286 1138 ut
1317 1082 1429 1141 lucmm
1451 1100 1498 1139 ca·

694 1205 790 1245 merae
811 1190 909 1261 regiae
930 1188 1033 1248 solvat.

312 1355 314 1359 v
336 1325 403 1386 Nos
428 1323 614 1386 Ludouicus
638 1323 688 1386 dei
712 1325 819 1406 gracia
841 1343 894 1385 rex
920 1324 1085 1406 Hungarie
1110 1336 1141 1385 et
1166 1324 1319 1386 Bohemie
1344 1338 1404 1386 etc.
1429 1325 1496 1386 Me·

231 1431 332 1492 morie
357 1429 623 1492 commendamus
646 1443 757 1492 tenore
774 1429 976 1513 presencium
1003 1429 1218 1512 significantes
1235 1430 1353 1510 quibus
1370 1430 1499 1512 expedit

236 1535 401 1616 universis,
427 1535 516 1616 quod
540 1555 599 1598 nos
622 1549 692 1597 tum
716 1550 877 1599 certorum
894 1534 1039 1597 fidelium
1056 1548 1240 1597 nostrorum
1263 1536 1497 1617 supplicatione

233 1641 391 1702 Maiestati
414 1653 521 1702 nostre
545 1655 714 1723 propterea
739 1640 831 1720 facta,
855 1655 922 1702 turn
948 1660 1023 1702 vero
1047 1641 1100 1723 pia
1134 1640 1319 1703 intencione
1352 1655 1383 1702 et
1406 1660 1496 1703 sacro

231 1765 305 1828 erga
330 1746 478 1808 ecclesias
503 1746 553 1807 dei
578 1746 692 1808 affectu
716 1747 871 1826 inclinati,
896 1766 954 1829 pro
985 1759 1161 1828 augmento
1193 1746 1297 1808 cultus
1328 1747 1428 1808 divini
1464 1747 1496 1808 in

232 1853 366 1913 ecclesia
403 1852 614 1934 zagrabiensi,
639 1872 763 1935 proque
787 1853 896 1934 aliqua
929 1852 1063 1914 utilitate
1099 1866 1130 1913 et
1164 1853 1249 1914 victu
1283 1852 1496 1914 commodiori

231 1958 455 2040 capitularium
480 1958 624 2019 eiusdem
648 1958 780 2020 ecclesie
804 1978 841 2020 ex
865 1957 994 2041 speciali
1017 1971 1125 2020 nostra
1148 1959 1254 2038 gracia
1279 1972 1309 2020 et
1333 1959 1497 2040 potestatis

231 2077 337 2126 nostre
359 2065 445 2145 regie
469 2064 670 2146 plenitudine
695 2064 728 2125 id
752 2064 903 2126 duximus
936 2063 1145 2125 annuendum
1179 2076 1210 2125 et
1241 2065 1497 2144 concedendum,

231 2170 468 2252 adnuimusque
493 2185 523 2232 et
548 2171 755 2232 concedimus
778 2171 978 2253 presencium
1003 2191 1059 2252 per
1075 2170 1231 2251 vigorem,
1249 2184 1283 2231 ut
1300 2171 1358 2253 ipsi
1376 2171 1496 2252 ubique

231 2275 263 2336 in
288 2277 462 2355 montibus,
486 2278 603 2338 tenutis
626 2291 657 2338 et
679 2277 846 2338 territoriis
869 2276 1074 2359 oppidorum,
1098 2276 1336 2357 possessionum
1361 2290 1391 2337 et
1416 2296 1495 2357 quo-

232 2383 383 2443 rumlibet
408 2384 568 2444 bonorum
593 2403 628 2444 ac
654 2382 772 2463 jurium
796 2401 928 2443 suorum
953 2382 1278 2464 possessionsriorum
1303 2383 1439 2444 ubilibet
1464 2383 1496 2444 in

231 2486 280 2547 his
304 2488 409 2569 regnis
432 2489 548 2550 nostris
566 2488 731 2569 Hungarie
748 2502 778 2549 et
803 2488 973 2550 Sclauonie
999 2501 1029 2549 et
1052 2488 1196 2569 partibus
1219 2488 1408 2550 eorumdem
1432 2489 1496 2548 exi·

231 2594 386 2654 stencium
422 2608 453 2655 et
476 2594 670 2673 habitorum,
695 2595 834 2656 mineras
859 2594 938 2672 auri,
963 2594 1096 2675 argenti,
1121 2594 1222 2675 cupri,
1248 2592 1332 2672 ferri,
1361 2591 1501 2675 plombi,¹

231 2701 335 2761 stanni
361 2713 393 2761 et
417 2700 554 2762 aliorum
579 2720 847 2782 quorumcunque
879 2699 1084 2761 metallorum
1119 2699 1256 2781 reperire
1289 2713 1319 2760 et
1352 2699 1495 2761 invenite

232 2819 393 2886 poterunt,
419 2827 471 2866 eas
507 2807 633 2888 aperiri,
665 2806 744 2885 lodi,
776 2807 903 2887 colique
936 2819 967 2867 et
1000 2806 1139 2867 laborari
1176 2805 1296 2882 facere;
1333 2807 1497 2868 universos

231 2911 331 2972 eciam
357 2911 476 2973 fructus
499 2926 529 2973 et
553 2912 705 2973 utilitates
728 2932 765 2971 ex
791 2912 854 2972 illis
878 2913 1101 2993 provenientes
1125 2932 1251 2994 semper
1275 2926 1304 2974 et
1327 2913 1360 2972 in
1384 2933 1496 2994 perpe-

232 3029 323 3077 tuum
349 3018 448 3079 libere
473 3018 635 3100 percipere
672 3018 798 3078 valeant
829 3032 924 3098 atque
960 3018 1082 3099 possint
1114 3038 1150 3078 ex
1183 3018 1320 3099 presenti
1353 3019 1496 3098 graciosa

232 3136 339 3183 nostra
362 3124 547 3201 annuentis,
572 3124 661 3184 lucro
685 3137 792 3184 tamen
827 3141 950 3183 camere
976 3137 1081 3183 nostre
1114 3144 1151 3183 ex
1179 3123 1242 3183 illis
1273 3124 1441 3204 provenite
1466 3137 1497 3185 et

230 3228 310 3288 solvi
336 3228 496 3307 debendo,
512 3231 601 3291 salvo
627 3243 828 3304 remanente;
853 3229 939 3309 quod
966 3227 1088 3310 prefato
1113 3229 1253 3310 capitulo
1278 3228 1359 3290 infra
1384 3229 1495 3290 decem

231 3353 332 3394 annos
356 3356 373 3395 a
397 3335 449 3396 die
474 3335 619 3396 datarum
656 3335 855 3416 presencium
889 3333 1117 3415 computando,
1150 3348 1183 3394 ut
1215 3354 1271 3415 per
1307 3334 1337 3394 id
1371 3349 1496 3416 tempus

231 3442 322 3502 labor
355 3455 386 3502 et
409 3442 531 3502 cultura
564 3439 757 3522 prefatorum
789 3439 983 3500 minerarum
1013 3453 1043 3499 et
1075 3437 1258 3500 fodinarum
1293 3440 1497 3501 commodius

232 3546 386 3625 inchoari,
422 3547 667 3628 continuarique
701 3560 731 3607 et
764 3545 897 3626 aliquod
934 3546 1167 3606 incrementum
1202 3545 1361 3628 suscipere
1397 3546 1496 3627 possit

231 3654 373 3733 graciose
399 3654 654 3715 condonavimus
678 3665 709 3713 et
732 3652 955 3728 relaxavimus,
971 3651 1070 3712 immo
1089 3651 1311 3712 condonamus
1329 3666 1359 3713 et
1375 3652 1495 3712 relaxa·

231 3779 303 3820 mus
319 3759 431 3821 harum
449 3774 628 3821 nostrarum
645 3760 756 3840 vigore
768 3773 798 3821 et
810 3757 995 3819 testimonio
1005 3757 1180 3818 litterarum
1193 3756 1365 3818 mediante.
1376 3757 1494 3818 Datum

232 3867 322 3927 Bude
362 3867 413 3928 die
452 3867 616 3927 dominico
647 3865 795 3947 proximo
827 3877 898 3946 post
933 3862 1049 3924 festum
1084 3863 1174 3923 beate
1211 3863 1309 3924 Lucie
1352 3863 1493 3944 virginis.

233 3976 327 4033 Anno
352 3972 475 4032 domini
508 3971 679 4033 millesimo
704 3970 962 4051 quingentesimo
987 3968 1144 4050 vigesimo
1169 3968 1284 4050 prim0.

758 4075 890 4136 Relacio
906 4075 1047 4156 magistri
1065 4073 1205 4152 Thome‚
1222 4073 1495 4157 archypresbyteri

759 4181 799 4242 de
823 4181 1018 4261 Beregzouz‚
1041 4180 1201 4240 secretarii
1227 4181 1319 4260 regis.

339 4323 473 4388 Originule
494 4325 518 4375 in
539 4325 637 4375 charta.
657 4323 683 4372 ln
704 4321 822 4385 margine
842 4321 961 4371 inferiori
981 4321 1139 4384 impressum
1159 4326 1200 4370 est
1214 4320 1338 4385 sigillum.
1352 4317 1382 4371 ln
1396 4320 1493 4370 archiv.

233 4427 291 4463 ven.
313 4413 375 4477 Cap.
396 4414 500 4478 eegreb.
521 4414 577 4463 Act.
599 4414 652 4476 Cap
682 4416 726 4461 ant
756 4411 805 4461 sas.
824 4408 848 4461 1.
870 4424 907 4460 nr.
927 4410 969 4461 20.
