3472 5242
666 339 738 397 Doc.
763 333 791 395 8
820 371 857 380 -
884 342 941 398 Aa.
968 351 1054 414 1501.

228 444 648 451 ——-.——---—-.—--
658 445 734 451 ..--
745 445 857 451 ---
874 444 882 450 .
896 444 990 450 .-—
1038 443 1116 449 ....-.-
1243 438 1381 445 -——·--··
1408 438 1451 444 ----

230 564 363 626 ecclesie
388 564 546 643 Albensis,
570 585 626 646 per
658 566 792 626 modum
816 566 1048 647 resignacionis
1077 567 1108 626 in
1142 563 1281 626 eundem
1305 561 1492 643 magistrum

230 669 441 752 Stephanum,
464 690 543 752 pure
577 684 606 732 et
638 671 824 752 simpliciter
857 672 888 733 in
922 692 1034 734 manus
1060 684 1183 732 nostras
1207 669 1299 747 lacte,
1322 667 1493 728 simulcum

228 776 402 858 prebenda,
425 777 680 857 utilitatibusque
706 792 735 838 et
759 779 1015 839 obvencionibus
1039 775 1193 854 eiusdem,
1211 775 1316 836 eidem
1341 772 1493 853 magistro

230 880 403 963 Stephano,
429 881 460 942 in
492 882 604 943 eadem
637 883 855 963 resignacione
889 884 1071 964 graciosum
1095 899 1285 943 consensum
1316 877 1493 960 prebendo,

229 987 377 1049 dedimus
408 1002 438 1049 et
471 989 511 1048 de
544 988 627 1049 lacto
665 989 870 1066 contulimus,
902 1001 1070 1070 eapropter
1102 1006 1253 1067 rogamus
1284 982 1495 1045 fraternitates

229 1105 347 1152 vestras
376 1107 406 1154 et
432 1091 660 1154 n‘chilominus
693 1094 933 1172 committimus,
958 1092 1107 1174 quatinus
1136 1090 1255 1152 amodo
1279 1089 1431 1168 deinceps
1453 1085 1493 1147 de

229 1197 380 1258 omnibus
404 1198 611 1279 proventibus
634 1213 664 1259 et
688 1199 953 1277 obvencionibus,
970 1198 1115 1280 pecuniis
1139 1196 1259 1258 scilicet
1283 1209 1314 1257 et
1337 1192 1442 1276 porcis
1458 1212 1494 1253 ac

228 1303 299 1364 aliis
332 1303 371 1364 ad
403 1303 561 1385 prefatum
593 1305 780 1367 lectoratum
820 1320 850 1366 et
892 1305 1115 1367 canonicatum
1154 1322 1229 1364 suos
1267 1299 1494 1383 spectantibus,

229 1409 425 1490 integraliter
457 1423 487 1470 et
520 1429 592 1470 cum
625 1410 739 1472 ellectu
770 1411 974 1492 respondere,
998 1424 1029 1471 et
1057 1410 1187 1470 eosdem
1212 1408 1271 1468 sibi
1296 1406 1336 1468 ad
1361 1406 1493 1487 plenum

229 1515 388 1595 assignare
413 1515 555 1576 debeatis
579 1529 609 1576 et
633 1516 815 1579 teneamini.
835 1518 879 1577 Ex
906 1517 990 1577 curia
1017 1529 1122 1577 nostra
1147 1513 1274 1575 lvanich
1299 1513 1331 1572 in
1351 1509 1493 1593 profesto

231 1622 322 1682 beate
348 1622 485 1682 barbare
510 1622 642 1702 virginis
666 1636 696 1682 et
720 1623 866 1683 martiris.
898 1643 988 1702 ¹50⁰·

336 1727 502 1808 Rogamus
536 1748 593 1789 vos
624 1742 777 1809 tanquam
812 1728 921 1790 fratres
952 1728 1164 1805 charissimos,
1197 1739 1230 1787 ut
1262 1726 1324 1786 iam
1363 1723 1493 1785 tandem

232 1833 419 1914 relinquatis
443 1834 531 1894 illam
563 1835 625 1896 deo
648 1835 869 1916 displicentem
895 1855 930 1896 ac
962 1833 1149 1895 hominibus
1172 1830 1392 1893 detestandam
1416 1830 1493 1889 abu·

232 1940 368 2017 sionem,
398 1954 428 1999 et
476 1940 646 2001 restituatis
685 1956 858 2022 proventus
893 1940 984 2002 novis
1019 1938 1181 2000 canonicis
1215 1952 1245 1998 et
1281 1936 1382 1998 eciam
1421 1932 1495 1994 huic

232 2045 513 2122 novissim0,·tam
548 2046 587 2106 de
612 2047 717 2128 porcis
748 2066 845 2127 quam
876 2047 916 2108 de
945 2046 1016 2107 aliis
1047 2046 1151 2106 rebus.
1181 2045 1239 2104 lste
1265 2059 1403 2121 namque
1427 2058 1496 2099 suc·

232 2150 323 2211 cessit
347 2151 378 2210 in
404 2151 593 2212 beneficium
619 2151 759 2212 hominis
783 2152 928 2230 viventis,
945 2151 1001 2232 qui
1026 2152 1051 2211 si
1072 2169 1201 2232 presens
1219 2160 1310 2226 esset,
1324 2157 1497 2228 proventus

232 2257 280 2318 sui
312 2257 420 2338 negari
453 2276 518 2318 non
551 2272 691 2339 possent,
722 2279 779 2320 nec
812 2259 907 2339 igitur
935 2258 1008 2319 huic
1040 2255 1149 2338 negari
1181 2255 1310 2330 debent,
1342 2251 1496 2332 quoniam

232 2362 376 2443 alioquin
402 2383 466 2423 non
492 2364 557 2445 ipse
582 2364 635 2424 sed
660 2383 728 2442 nos,
753 2364 806 2444 qui
832 2384 905 2425 eum
931 2364 1119 2440 creavimus,
1143 2381 1199 2443 per
1222 2361 1287 2422 Vos
1312 2355 1497 2438 contempni

233 2469 425 2548 videremur,
450 2469 537 2549 quod
562 2490 579 2529 a
604 2470 694 2531 vobis
718 2470 859 2531 alienum
884 2470 1018 2532 omnino
1043 2489 1109 2530 esse
1135 2468 1240 2529 debet.

340 2576 442 2636 Lucas
465 2576 635 2658 episcopus
659 2577 791 2639 ecclesie

384 2665 610 2746 zagrabiensis,
635 2685 733 2727 manu
757 2666 896 2747 propria.

340 2804 374 2867 (Α
394 2805 493 2869 tergo),
519 2789 763 2851 venerabilibus
783 2789 923 2850 dominis
949 2788 1089 2870 capitulo
1107 2787 1253 2848 ecclessie
1270 2798 1376 2845 nostre
1389 2800 1498 2862 zogra-

235 2892 363 2970 biensis,
388 2892 535 2954 fratribus
559 2895 673 2955 nostris
697 2896 818 2957 sincere
843 2895 976 2956 dilectis.

340 3031 475 3098 Originale
495 3035 519 3085 in
538 3036 635 3098 charta,
653 3037 796 3101 vestigium
816 3035 897 3101 sigilli
917 3052 932 3086 a
951 3042 1028 3101 tergo
1058 3035 1085 3086 ln
1105 3035 1201 3085 archiv.
1223 3048 1281 3084 ven.
1295 3032 1374 3095 capit.
1389 3030 1497 3095 zagrab.

233 3121 288 3170 Act.
311 3122 372 3184 Cap.
388 3125 438 3175 aut.
452 3124 515 3174 lasc.
533 3125 574 3174 95.
594 3140 630 3176 nr.
651 3128 675 3176 9.

340 3477 417 3526 Anno
440 3477 514 3539 1501,
536 3479 575 3529 12.
592 3478 666 3542 junii.
687 3478 784 3530 Budae.

246 3603 418 3677 Vladr'slcrus,
452 3605 627 3678 Hungarrire
660 3614 708 3663 etc.
741 3624 794 3662 rex
823 3605 1020 3661 communitati
1049 3603 1176 3664 civitatis
1210 3603 1313 3658 montis
1350 3597 1500 3658 Grecensis

240 3711 362 3766 nuntiat
381 3710 424 3765 ad
442 3713 624 3768 rnmrr'tr'oncm
647 3713 771 3768 cetratis
792 3710 996 3769 restituendam
1013 3723 1060 3785 32
1073 3710 1147 3784 flor.
1165 3728 1184 3764 a
1205 3727 1235 3766 se
1256 3707 1499 3779 esseassrgnatos,

326 3817 380 3888 qui
393 3824 453 3892 per
474 3824 532 3874 tres
554 3836 645 3874 antros
668 3836 705 3874 cx
723 3819 806 3890 regia
829 3818 971 3874 tricesima
994 3816 1178 3889 sagrabiensr‘
1193 3816 1253 3872 sint
1271 3812 1409 3872 solvendi.

342 3954 408 4013 Nos
419 3954 615 4015 Wladislaus
628 3955 680 4016 dei
692 3956 798 4036 gracia
814 3975 867 4016 rex
882 3955 1047 4036 Hungarie
1061 3967 1092 4016 et
1105 3953 1260 4017 Bohemie
1274 3967 1333 4015 etc.
1343 3949 1498 4012 Memorie

237 4060 501 4120 commendamus
532 4075 641 4122 tenore
673 4061 872 4143 presencium
897 4060 1110 4141 significantes
1134 4061 1252 4142 quibus
1276 4056 1404 4139 expedit
1428 4054 1498 4115 uni-

238 4165 343 4225 versis.
376 4165 474 4237 Quod
510 4185 569 4227 nos
605 4186 677 4227 cum
710 4167 749 4228 ad
789 4167 1061 4249 supplicacionem
1102 4165 1206 4228 tidelis
1237 4163 1335 4226 nostri
1370 4160 1500 4223 illustris

238 4269 392 4331 lobannis
408 4271 555 4349 Coruini,
573 4271 721 4354 Oppauie
739 4284 771 4334 et
788 4272 968 4354 Lypthouie
982 4273 1071 4334 ducis
1083 4294 1119 4334 ac
1132 4291 1303 4354 regnorum
1317 4282 1499 4330 nostrorum

238 4375 412 4454 Dalmacie,
437 4377 571 4439 Croacie
604 4391 634 4438 et
668 4376 836 4439 Sclavonie
868 4378 954 4457 bani,
978 4398 1034 4459 per
1065 4398 1138 4440 eum
1170 4397 1229 4460 pro
1260 4389 1349 4458 parte
1373 4373 1499 4435 univer-

237 4501 346 4542 sorum
363 4483 481 4543 civium
501 4497 531 4544 et
548 4483 725 4545 incolarum
739 4483 874 4545 civitatis
890 4483 1034 4545 eiusdem
1051 4482 1331 4565 Montisgrecensis
1343 4477 1500 4541 Maiestati

239 4602 344 4648 nostre
370 4601 535 4670 propterea
559 4587 694 4665 lactam3
723 4603 792 4650 tum
815 4608 892 4650 vero
916 4602 947 4650 et
969 4589 1120 4671 precipue
1145 4603 1179 4650 ut
1202 4588 1311 4649 civitas
1335 4587 1412 4668 ipsa,
1437 4602 1499 4664 que

238 4694 313 4755 satis
336 4695 464 4756 ruinosa
498 4708 529 4756 et
551 4696 745 4778 depopulata
777 4714 843 4756 ease
868 4694 977 4772 fertur,
1001 4714 1059 4776 pro
1084 4708 1189 4756 nostra
1217 4714 1253 4756 ac
1276 4692 1364 4773 regni
1389 4689 1499 4764 nostri,

237 4801 293 4862 sed
325 4814 355 4861 et
379 4801 521 4883 parcium
550 4802 677 4863 illarum
701 4802 836 4871 utilitate
867 4815 899 4862 et
930 4802 1137 4877 incrementO,
1162 4818 1297 4861 numero
1329 4813 1360 4860 et
1383 4798 1499 4880 opibus

238 4906 390 4989 adaugeri
414 4922 445 4969 et
468 4908 611 4970 decorari
628 4907 737 4991 possit,
754 4908 858 4969 eidem
883 4907 1002 4969 civitati
1026 4919 1322 4987 conseuqenterque
1345 4903 1501 4966 universis
