3472 5242
240 380 303 443 3²4
675 363 749 420 Add.
775 365 853 422 Ann.
879 378 971 441 1340.
1000 361 1088 441 1361.

238 611 438 671 conservare,
463 593 549 674 ipsos
572 593 699 675 penitus
730 593 769 653 de
794 608 896 657 vestra
927 595 1078 656 societate
1102 613 1138 654 ac
1175 593 1215 654 de
1238 595 1357 656 tenutis
1393 596 1506 657 vestris

240 698 424 761 abicientes.
449 699 547 760 Secus
570 699 596 760 si
621 699 706 780 regie
731 700 906 762 Maiestatis
930 700 1190 782 indignacionem
1222 719 1353 780 gravem
1377 719 1435 762 vos
1459 702 1507 763 in-

239 823 366 866 currere
389 804 623 886 pertimescitis,
647 804 750 866 facere
775 825 839 867 non
865 807 1028 868 audentes.
1054 807 1095 867 Et
1117 805 1178 867 hoc
1202 806 1353 867 volumus
1384 807 1506 889 ubique

240 910 273 971 in
298 910 378 971 locis
401 909 540 992 publicis
563 910 669 992 palam
700 912 901 993 proclamari,
932 932 990 974 nec
1022 931 1078 994 per
1109 912 1296 993 quempiam
1328 926 1507 974 vestrorum

241 1015 426 1077 huiusmodi
451 1016 744 1098 proclamacionem
770 1015 903 1079 inlotis
936 1019 1046 1078 vestris
1071 1018 1296 1099 presummatis
1327 1018 1508 1100 prohibere.

243 1122 361 1183 Datum
387 1121 419 1182 in
442 1122 640 1205 Wyssegrad
664 1121 742 1184 feria
766 1137 878 1204 quarta
902 1124 1047 1205 proxima
1071 1137 1143 1206 post
1173 1122 1289 1185 festum
1322 1125 1419 1186 Pasce
1451 1125 1508 1186 do-

242 1228 334 1290 mini.
359 1232 455 1290 Anno
480 1227 625 1289 eiusdem
649 1228 774 1291 MCCC
799 1228 1058 1310 quadragesimo.

348 1367 424 1434 Nagy
444 1368 520 1422 lmre.
542 1369 632 1420 Codex
651 1368 760 1433 diplom.
780 1369 888 1434 hungar.
910 1369 1120 1434 Andegavensis,
1140 1370 1193 1420 vol.
1213 1369 1255 1422 1v.
1275 1384 1334 1435 pag.
1359 1370 1396 1421 15.

348 1863 423 1914 Anno
445 1863 520 1915 1361.
539 1862 562 1915 8.
582 1862 683 1927 aprilis.
704 1861 817 1928 simigii.

249 2026 355 2084 Coram
377 2033 516 2084 conventu
537 2044 561 2087 s.
585 2027 690 2100 Egnatio·
710 2027 745 2085 de
770 2024 899 2100 Simigro,
930 2025 1030 2086 nrorrtii
1058 2028 1184 2085 civitatis
1214 2028 1317 2084 montis
1355 2025 1510 2084 Grecensis

244 2139 346 2191 contra
368 2116 536 2190 senientiam
561 2131 724 2191 laurentii
743 2133 879 2206 magistri
908 2134 1120 2190 tovernicorum
1144 2134 1241 2207 inique
1264 2134 1354 2190 lotam
1377 2139 1514 2189 recusant

403 2256 438 2295 oc
460 2237 707 2312 congregationem
739 2238 874 2295 nobilium
896 2237 987 2317 regni
1009 2236 1170 2296 Slooonioe
1190 2239 1350 2312 appellant.

350 2379 418 2439 Nos
442 2389 618 2438 conventus
642 2376 826 2437 monasterii
849 2376 949 2437 sancti
973 2376 1080 2456 Egidii
1104 2376 1143 2436 de
1173 2375 1329 2458 Symigio.
1354 2376 1511 2437 Memoria

247 2482 514 2545 commendamus
538 2482 655 2563 quibus
687 2482 815 2563 expedit
846 2482 1002 2543 universis
1034 2482 1233 2563 presencium
1266 2501 1323 2563 per
1354 2495 1511 2560 tenorem,

248 2589 336 2670 quod
360 2589 483 2666 Petrus,
507 2582 592 2649 filius
625 2587 756 2666 Rubini,
790 2587 980 2669 Stephanus,
1014 2587 1098 2649 filius
1130 2588 1269 2649 Farcasii
1304 2601 1335 2649 et
1365 2587 1512 2666 Mathias‚

248 2693 334 2756 filius
367 2693 536 2777 Kuchyne‚
559 2707 782 2775 procuratores
815 2694 933 2754 civium
965 2694 1005 2755 de
1038 2691 1142 2755 Grech
1174 2693 1370 2774 zagrabiensi
1404 2712 1511 2755 coram

248 2801 342 2862 nobis
366 2813 587 2882 comparentes
610 2819 666 2881 per
690 2799 825 2860 modum
849 2799 1093 2880 protestacionis
1125 2799 1219 2860 nobis
1245 2797 1427 2881 'significare
1457 2819 1512 2860 cu-

248 2919 368 2985 rarunt,
391 2905 479 2987 quod
504 2906 536 2966 in
561 2924 665 2983 causa,
689 2924 752 2985 que
776 2905 858 2966 inter
882 2905 967 2986 ipsos
983 2906 1068 2966 cives
1092 2905 1131 2966 de
1150 2904 1255 2967 Grech
1280 2919 1311 2966 et
1334 2904 1511 2986 capitulum

248 3011 380 3074 ecclesie
404 3010 620 3093 zagrabiensis
644 3013 729 3073 iuxta
754 3011 989 3073 continenciam
1006 3011 1170 3072 literarum
1187 3010 1352 3092 quondam
1370 3009 1512 3090 magistri

250 3118 418 3180 Laurencii
443 3117 584 3198 magistri
610 3116 868 3178 thavarnicorum
901 3117 1057 3198 regalium
1092 3117 1123 3177 in
1155 3116 1318 3198 presencia
1351 3113 1513 3196 magnifici

250 3224 308 3285 viri
334 3222 488 3285 Johannis
510 3221 567 3284 filii
593 3222 758 3305 quondam
790 3223 916 3285 Nicolai
941 3223 1073 3305 palatini
1098 3223 1290 3301 vertebatur,
1321 3242 1378 3303 per
1407 3222 1513 3304 ipsum

250 3330 437 3411 magistrum
462 3329 641 3391 lohannem
666 3343 696 3390 et
720 3331 857 3391 barones
881 3329 969 3390 nulla
994 3329 1117 3390 iusticia
1143 3327 1264 3390 eisdem
1289 3328 1412 3389 civibus
1436 3324 1513 3388 iuis-

250 3450 297 3498 set
320 3436 462 3518 inpensa,
476 3449 507 3498 et
520 3436 579 3517 ipsi
604 3435 644 3497 ad
658 3435 946 3516 congregacionem
960 3434 1119 3496 nobilium
1144 3434 1312 3495 comitatus
1328 3433 1514 3514 zagrabien-

250 3543 292 3603 sis
316 3555 391 3603 tunc
415 3541 565 3619 fiendam,
589 3541 691 3622 ipsam
716 3559 844 3602 causam
876 3540 1102 3601 instantissime
1127 3540 1297 3622 peciissent
1320 3518 1359 3600 ab
1392 3538 1515 3601 eisdem

252 3647 426 3710 baronibus
449 3647 625 3729 prorogari,
651 3647 705 3728 qui
730 3645 883 3728 peticioni
908 3647 1051 3728 ipsorum
1076 3646 1108 3706 in
1140 3645 1198 3707 hac
1225 3658 1312 3727 parte
1346 3645 1531 3706 admittere

251 3766 458 3816 recusassent.
484 3752 578 3815 Unde
604 3772 644 3814 ne
669 3753 745 3835 ipsis
769 3752 892 3814 civibus
922 3752 1043 3833 grande
1067 3752 1280 3833 preiudicium
1311 3763 1516 3832 generaretur

252 3859 285 3920 in
309 3859 367 3921 hac
391 3872 479 3941 parte
503 3859 536 3919 in
560 3857 716 3937 futurum,
739 3859 820 3919 sicut
842 3871 929 3939 tunc,
947 3859 989 3919 ita
1014 3877 1098 3919 nunc
1115 3859 1220 3940 ipsuur
1246 3858 1433 3938 magistrum
1461 3857 1514 3917 Jo-

252 3965 390 4027 hannem
416 3978 446 4026 et
469 3983 583 4025 omnes
620 3965 764 4042 barones,
789 3984 828 4025 ne
864 3964 896 4025 in
920 3965 988 4046 ipsa
1018 3984 1111 4025 causa
1143 3964 1275 4025 ulterius
1306 3962 1517 4050 procederent

253 4070 304 4132 vel
327 4071 435 4132 literas
458 4089 571 4131 eorum
597 4082 705 4131 contra
730 4070 816 4151 ipsos
840 4069 923 4130 cives
947 4070 1089 4131 emanari
1114 4068 1254 4130 lacerent
1270 4068 1321 4129 vel
1347 4069 1379 4129 in
1402 4068 1514 4149 aliquo

253 4176 374 4237 eisdem
398 4176 522 4237 civibus
545 4174 695 4255 injuriam
720 4174 859 4237 lacerent
883 4175 1089 4257 prohiberent
1113 4174 1363 4236 contradicendo
1392 4187 1423 4234 et
1440 4193 1516 4234 con·

253 4282 451 4343 tradixerunt
481 4279 683 4364 prohibendo
714 4301 822 4342 coram
847 4281 951 4359 nobis,
983 4281 1181 4363 appellantes
1205 4282 1306 4361 ipsam
1331 4298 1459 4341 causam
1484 4279 1516 4339 in

254 4388 541 4469 congregacionem
565 4401 775 4469 prenotatam
801 4388 919 4449 Datum
944 4385 1021 4447 feria
1054 4387 1165 4467 quinta
1197 4386 1341 4467 proxima
1366 4398 1437 4466 post
1461 4404 1514 4445 oc-

253 4505 342 4556 tavas
365 4492 436 4555 festi
462 4492 580 4555 Pasche
605 4492 739 4556 domini.
763 4497 859 4554 Anno
882 4493 1026 4554 eiusdem
1050 4491 1233 4554 MCCCLX
1256 4492 1373 4573 primo.

359 4633 497 4700 Originrle
514 4633 542 4685 in
559 4634 658 4697 charta,
676 4648 693 4685 c
709 4639 788 4699 tergo
802 4634 944 4700 vestigium
956 4633 1049 4699 sigilli.
1062 4633 1089 4684 ln
1102 4633 1201 4687 archiv,
1213 4632 1259 4683 lib.
1273 4646 1328 4697 reg.
1342 4632 1392 4683 ein.
1404 4629 1518 4696 Zagrab.
