3472 5242
238 384 298 446 134
656 368 727 427 Doc.
751 381 818 444 114.
842 400 884 409 -
907 367 965 427 An.
990 379 1075 442 1515.

235 472 469 479 ——---—.—.
487 473 504 476 -

233 593 274 656 ad
307 607 449 657 nostram
481 608 537 656 aut
572 614 790 657 successorum
821 608 1003 656 nostrorum
1036 593 1248 657 devolventur
1275 597 1498 676 collacionem,

233 715 386 782 tanquam
427 701 467 762 ad
504 720 606 780 veros,
641 703 815 782 legittimos
850 713 880 762 et
915 700 1111 762 indubitatos
1148 701 1434 784 prebendariorum
1468 716 1499 765 et

234 821 393 869 rectorum
426 808 574 868 altarium
605 807 755 869 dominos
789 821 820 868 et
851 821 1012 896 patronos.
1038 807 1077 868 Et
1104 807 1179 888 quia
1204 809 1340 869 racionis
1363 808 1444 870 ordo
1469 822 1500 869 et

234 914 398 996 dignitatis
427 926 526 975 status
554 915 651 995 exigit
682 926 713 975 et
743 914 886 994 requirit,
918 932 958 974 ne
991 913 1114 974 domini
1148 914 1293 975 canonici
1329 934 1402 976 cum
1434 915 1500 976 suis

235 1020 408 1102 capellanis
447 1019 595 1081 videlicet
633 1019 853 1101 prebendariis
891 1019 1029 1081 habeant
1065 1020 1267 1098 commercia,
1292 1020 1401 1101 eisque
1437 1021 1500 1082 sint

235 1126 394 1187 societatis
425 1139 455 1186 et
489 1125 648 1187 fidelitatis
679 1126 809 1187 vinculo
841 1125 969 1204 astricti,
994 1126 1162 1186 statuimus
1190 1126 1336 1187 similiter
1359 1139 1390 1186 et
1413 1126 1499 1187 ordi·

236 1251 359 1309 namus,
383 1251 423 1291 ne
447 1230 602 1313 prefatam
626 1231 760 1293 domurn
785 1231 1014 1313 prebendalem
1038 1246 1207 1309 muratam,
1227 1231 1290 1312 iarn
1316 1232 1385 1314 ipso
1408 1232 1498 1293 altari

235 1351 340 1399 sancte
375 1337 542 1398 Trinitatis
574 1338 669 1399 simul
701 1358 775 1399 cum
806 1338 968 1419 prebenda
999 1356 1056 1419 per
1080 1357 1138 1398 nos
1162 1351 1314 1420 perpetue
1339 1357 1496 1399 annexam

236 1457 267 1504 et
301 1443 454 1504 canonice
489 1444 622 1521 unitam,
654 1444 771 1524 aliquis
807 1463 844 1503 ex
864 1443 1042 1504 ¹canonicis
1073 1457 1127 1504 aut
1159 1443 1338 1524 dignitariis
1367 1443 1499 1504 ecclesie

237 1561 343 1610 nostre
368 1549 581 1630 zagrabiensis
616 1563 670 1609 aut
704 1549 834 1610 alterius
869 1549 1099 1629 cuiuscumque
1134 1549 1201 1610 sive
1237 1549 1268 1610 in
1304 1568 1403 1630 regno
1433 1549 1499 1610 sive

238 1667 323 1716 extra
347 1674 481 1735 regnum
506 1668 679 1736 acceptare,
704 1654 866 1737 possidere
890 1668 944 1715 aut
968 1655 1038 1716 usui
1064 1675 1123 1716 suo
1147 1655 1262 1735 quovis
1283 1654 1381 1716 modo
1402 1655 1501 1737 possit

237 1775 292 1823 aut
323 1761 427 1822 valeat
458 1779 614 1842 occupare
636 1779 692 1841 per
716 1761 933 1841 cuiuscunque
960 1760 1174 1821 donacionem
1198 1780 1254 1821 seu
1278 1761 1500 1839 collacionem,

238 1887 334 1948 quam
359 1867 384 1927 si
409 1866 584 1947 aliquando
608 1865 675 1928 fieri
696 1867 894 1946 contingeret
914 1866 1074 1945 volumus,
1091 1866 1227 1927 dicimus
1251 1879 1282 1927 et
1301 1865 1501 1927 decrevimus

238 1987 347 2035 contra
380 1972 578 2033 voluntatem
610 1985 640 2033 et
672 1971 703 2032 in
738 1971 950 2053 preiudiciutn
983 1985 1013 2032 et
1041 1972 1189 2033 iniuriam
1214 1986 1356 2033 nostram
1380 1972 1500 2054 capitu·

239 2080 338 2140 larem
363 2091 393 2139 et
416 2095 634 2139 successorum
666 2091 847 2138 nostrorum
881 2095 1006 2137 exnunc
1034 2069 1128 2159 prout
1152 2096 1189 2138 ex
1213 2091 1288 2139 tunc
1311 2089 1341 2139 et
1364 2097 1401 2137 ex
1425 2091 1501 2138 tunc

237 2198 332 2266 prout
356 2202 393 2244 ex
417 2203 502 2245 nunc
526 2181 593 2244 lore
617 2181 732 2244 factam
757 2194 787 2243 et
812 2195 1030 2264 attenptatam,
1055 2195 1086 2244 et
1103 2183 1134 2242 in
1152 2194 1308 2263 quantum
1325 2183 1501 2264 poterimus

238 2289 424 2352 huiusmodi
457 2288 617 2370 injuriam,
642 2288 666 2349 si
701 2301 731 2349 et
763 2289 796 2349 in
820 2300 976 2369 quantum
1000 2289 1093 2349 nobis
1114 2281 1147 2350 ¹et
1170 2289 1405 2350 successoribus
1428 2306 1501 2349 nos-

239 2397 294 2458 tris
325 2396 462 2475 irrogata
493 2393 588 2456 fuerit
619 2394 805 2476 propulsare
836 2394 986 2455 volumus
1017 2408 1048 2456 et
1076 2392 1282 2456 intendimus.
1315 2395 1362 2456 Ne
1391 2407 1498 2455 autem

239 2513 399 2585 presentes
435 2500 536 2561 littere
568 2512 673 2561 nostre
705 2521 761 2583 per
792 2499 941 2581 injuriam
971 2520 1030 2582 pro
1062 2514 1206 2583 tempore
1238 2500 1440 2583 prebendarii
1471 2515 1502 2561 et

238 2607 368 2669 rectoris
391 2619 445 2668 aut
476 2606 588 2667 dolum
615 2606 817 2687 aliquatenus
840 2606 967 2667 valeant
989 2605 1133 2687 deperire
1158 2618 1189 2668 et
1212 2606 1341 2668 tandem
1366 2607 1501 2688 preben-

240 2713 347 2774 darius
370 2726 401 2773 et
423 2725 526 2773 rector
549 2731 566 2772 a
591 2712 808 2773 celebracione
832 2712 1000 2773 missarum
1021 2725 1052 2772 et
1068 2712 1205 2773 aliorum
1223 2713 1451 2794 premissorum
1468 2732 1500 2773 se

239 2837 388 2880 excusare
412 2832 443 2879 et
473 2819 512 2878 ab
536 2817 725 2879 obediencia
748 2832 854 2878 nostra
878 2837 911 2878 se
935 2817 1073 2879 eximere
1097 2818 1255 2883 laboraret
1279 2831 1309 2879 et
1337 2818 1500 2898 niteretur,

241 2923 461 2986 commisimus
494 2923 627 2984 domino
659 2923 769 2984 lectori
794 2936 903 2985 nostro
927 2923 1096 3002 moderno,
1122 2938 1155 2986 ut
1180 2936 1325 2986 tenorem
1349 2925 1502 3007 presentis

241 3029 481 3093 constitucionis
505 3042 536 3090 et
559 3028 776 3090 ordinacionis
799 3043 905 3090 nostre
929 3030 968 3090 de
993 3031 1091 3091 verbo
1113 3029 1153 3091 ad
1173 3031 1307 3091 verbum
1323 3030 1391 3091 sine
1408 3029 1501 3091 dimi-

241 3138 380 3199 nucione
411 3136 543 3217 aliquali
573 3136 689 3197 inserat
712 3150 743 3197 et
768 3136 917 3198 inscribat
941 3136 981 3198 ad
1005 3138 1141 3198 rubeum
1166 3137 1295 3217 librum,
1320 3137 1374 3199 ubi
1399 3138 1504 3199 solent

242 3243 399 3306 conscribi
424 3242 600 3304 inventaria
624 3242 910 3324 prebendariorum
931 3257 962 3304 et
978 3256 1138 3304 rectorum
1154 3244 1302 3305 altarium
1320 3257 1501 3304 nostrorum

242 3349 338 3411 simul
371 3368 444 3410 cunr
477 3347 884 3430 subscripcione·nominis
914 3349 973 3410 sui.
997 3349 1032 3409 ln
1056 3368 1194 3431 quorum
1217 3350 1363 3410 omnium
1388 3363 1418 3410 et
1441 3349 1504 3410 sin·

241 3456 392 3537 gulorum
408 3455 636 3536 premissorum
649 3453 745 3516 fidem
762 3468 792 3515 et
808 3454 1039 3532 testimonium,
1052 3454 1299 3536 firmitatemque
1315 3468 1503 3537 perpetuam

242 3561 442 3643 presentibus
475 3561 617 3641 sigillum
650 3574 794 3621 nostrum
823 3562 1033 3622 auttenticum
1064 3560 1214 3622 duximus
1243 3561 1503 3643 appendendum.

244 3667 362 3727 Datum
388 3665 465 3727 feria
489 3665 585 3727 tercia
610 3667 754 3747 proxima
778 3680 850 3727 ante
875 3665 990 3729 festum
1014 3666 1161 3728 omnium
1185 3680 1378 3728 sanctorum.
1407 3671 1503 3727 Anno

243 3771 367 3832 domini
392 3771 563 3831 millesimo
588 3752 848 3852 quingentesimo
870 3773 983 3853 quinto
1007 3771 1145 3834 decim0.

352 3892 488 3957 Originale
515 3894 539 3943 in
565 3895 722 3956 membrana,
741 3894 766 3944 in
792 3895 909 3959 margine
934 3893 1052 3945 inferiori
1073 3895 1229 3958 impressum
1255 3899 1297 3945 est
1319 3895 1446 3960 sigillum.
1477 3894 1503 3945 ln

245 3980 342 4035 archiv.
361 3996 420 4032 ven.
440 3982 519 4044 capit.
538 3981 594 4032 Act.
614 3981 678 4044 Cap.
698 3985 749 4034 ant.
770 3981 833 4032 tusc.
854 3983 896 4034 79.
916 3997 953 4036 nr.
977 3983 1015 4034 15.
1031 3982 1231 4046 Transumptun
1251 3983 1315 4034 fasc.
1337 3985 1393 4035 101.
1411 3980 1504 4034 nr.15.‘

834 4246 913 4311 114.

349 4388 423 4438 Anno
444 4385 521 4452 1515,
541 4386 582 4440 13.
603 4386 761 4438 novembris.
784 4386 940 4452 Zagrabise.

246 4514 378 4571 Michasl
396 4514 629 4587 praebendarius
660 4515 771 4572 ‹iontans
796 4516 983 4588 possessiones
1012 4533 1082 4572 suns
1111 4516 1227 4591 Miskin,
1253 4517 1339 4573 Pleso
1371 4525 1399 4574 el
1424 4516 1507 4575 Knc‘c

245 4626 328 4677 trans
343 4618 454 4676 Savum
468 4621 548 4688 sitas,
560 4619 788 4694 condicionesque
806 4620 947 4694 quasdam
965 4621 1144 4690 constituens,
1149 4621 1354 4696 fundationem
1370 4623 1413 4679 ad
1424 4640 1507 4680 usum

642 4726 749 4783 altaris
771 4743 807 4783 ss.
828 4725 983 4784 Trinitatis
1005 4727 1106 4787 condid

351 4841 539 4926 Capitulum
578 4845 711 4908 ecclesie
745 4845 970 4927 zagrabiensis.
1007 4845 1169 4909 Omnibus
1203 4846 1323 4910 Christi
1358 4846 1508 4911 fidelibus
1587 4879 1593 4893 ι

244 4949 445 5033 presentibus
479 4964 510 5013 et
544 4949 669 5033 futuris,
700 4951 904 5036 presencium
938 4951 1091 5016 noticiam
1121 4952 1287 5035 habituris,
1314 4953 1450 5017 salutem
1473 4953 1508 5018 in
