3472 5242
210 349 267 411 182
623 352 696 412 Doc.
720 365 790 429 144.
815 384 858 393 —
881 351 938 413 An.
964 363 1049 428 1517.

934 458 1068 463 ——--—
1104 458 1157 463 —
1192 457 1465 466 —‹.———

206 577 239 639 in
262 577 359 640 simul
377 578 644 640 convenientibus
656 576 857 639 concorditer
869 576 993 657 fiendis,
1007 591 1101 658 atque
1118 579 1254 659 speciale
1271 579 1470 660 mandatum,

206 698 241 746 ut
263 683 420 766 prefertur
444 683 544 765 ipsius
568 683 741 745 Maiestatis
774 684 870 764 regie,
894 684 968 745 illos
993 697 1056 745 tres
1088 683 1236 746 denarios
1269 684 1308 746 de
1340 686 1467 767 singula

204 805 296 873 porta
321 791 482 852 bonorum
506 809 638 851 suorum
662 788 702 850 ad
727 789 811 870 ipsas
833 789 973 851 zthrasas
997 809 1077 870 eque
1103 791 1162 872 ipsi
1185 790 1309 852 domini
1338 792 1471 853 comites

206 897 369 959 extradere
394 909 425 957 et
449 896 596 958 exolvere
625 895 772 957 debeant.
807 895 905 969 Quod
936 897 961 957 si
994 894 1204 958 fraternitates
1235 911 1335 959 vestre
1368 897 1470 959 facere

207 1003 382 1080 noluerint,
407 1014 490 1064 certe
514 1002 587 1081 sint,
612 1001 700 1082 quod
727 1021 786 1063 nos
810 1001 897 1062 iuxta
921 1002 1108 1063 mandatum
1137 1022 1193 1064 sue
1225 1004 1397 1065 Maiestatis
1419 1024 1472 1065 eas

206 1107 502 1184 damnificabimus;
527 1108 679 1169 nolumus
703 1108 789 1169 enim
817 1127 883 1189 quo
905 1108 963 1169 hec
988 1109 1164 1170 miserrima
1181 1110 1281 1191 patria
1299 1129 1336 1171 ex
1349 1110 1471 1171 incuria

207 1227 238 1277 et
261 1215 461 1296 negligencia
485 1215 529 1275 sic
553 1214 637 1275 male
661 1227 779 1296 pereat.
805 1214 903 1275 Secus
922 1215 1022 1295 igitur
1047 1228 1203 1295 quantum
1228 1215 1382 1277 damnum
1406 1217 1471 1277 evi·

206 1333 273 1382 tare
297 1320 407 1398 velint,
442 1340 507 1382 non
544 1318 670 1398 faciant,
703 1340 777 1381 nam
802 1320 1045 1382 contribuentur
1069 1320 1169 1382 eciam
1195 1342 1232 1382 ex
1268 1321 1472 1403 pertinenciis

208 1426 463 1509 Hrazthowycza
486 1425 672 1489 huiusmodi
689 1426 835 1508 pecunie,
853 1446 911 1487 nec
927 1427 995 1488 sole
1018 1426 1228 1489 fraternitates
1244 1441 1345 1490 vestre
1369 1442 1473 1506 erunt,

209 1552 272 1613 que
297 1533 329 1594 id
353 1532 480 1594 faciant.
506 1533 553 1593 Ex
586 1533 706 1615 Zrynio
729 1533 782 1596 die
815 1531 980 1595 dominico
1005 1534 1087 1596 inter
1111 1547 1238 1595 octavas
1270 1532 1472 1595 sacratissimi

209 1639 351 1720 corporis
375 1638 504 1701 Christi.
522 1643 619 1699 Anno
643 1638 768 1700 domini
797 1659 890 1721 1517.

420 1745 532 1808 Petrus
556 1744 725 1827 episcopus
748 1744 880 1805 ecclesie

422 1851 659 1934 vesprimiensis
682 1864 713 1913 et
736 1853 847 1913 banus.

314 1954 345 2024 (A
365 1959 463 2022 tergo.)
483 1958 729 2019 Venerabilibus
753 1977 789 2019 ac
815 1956 1059 2018 honorabilibus
1091 1958 1231 2018 dominis
1261 1957 1300 2018 de
1333 1957 1474 2038 capitulo

211 2064 343 2125 ecclesie
368 2063 595 2145 zagrabiensis,
619 2062 769 2124 fratribus
792 2063 825 2124 in
850 2062 979 2124 Christo
1003 2063 1096 2124 nobis
1120 2062 1254 2124 dilectis.

314 2202 450 2269 Originale
470 2203 495 2254 in
515 2203 612 2266 charta,
636 2217 651 2253 a
669 2207 744 2267 tergo
765 2203 924 2266 impressum
943 2205 985 2252 est
1014 2202 1140 2266 sigillum.
1160 2202 1188 2253 ln
1207 2201 1305 2253 archiv.
1330 2216 1388 2253 ven.
1410 2203 1472 2265 Cap.

210 2293 316 2356 zagteb.
336 2291 392 2344 Act.
413 2292 476 2355 Cap.
497 2297 549 2342 ant.
569 2290 633 2343 fasc.
653 2291 695 2342 95.
716 2305 753 2342 nr.
774 2290 815 2343 62.

795 2569 882 2634 144.

316 2729 390 2780 huno
413 2727 488 2781 1517.
508 2729 550 2779 28.
570 2728 690 2793 Augusti.
711 2726 867 2792 Zagrabiae.

217 2863 384 2936 Capitulum
407 2863 526 2935 aagrab.
551 2871 639 2935 rogat
661 2863 819 2920 M‘colaum
849 2862 882 2919 dc
905 2863 1021 2937 Zenclre,
1058 2871 1092 2920 ut
1116 2862 1341 2937 praebendariis
1375 2867 1479 2925 reddat

422 2969 545 3038 domum,
571 2987 659 3042 quam
680 2968 717 3024 ab
739 2969 776 3025 iis
790 2977 890 3042 paruo
898 2971 996 3042 pretio
1017 2971 1141 3041 recipere
1164 2967 1263 3031 voluit.

318 3109 454 3191 Egregie
479 3108 610 3169 domine
634 3109 736 3170 amice
761 3107 960 3171 honorande.
987 3108 1122 3170 Constat
1137 3109 1248 3170 Vestre
1273 3110 1401 3191 egregie
1419 3110 1474 3172 do·

213 3213 386 3275 minacioni
411 3213 578 3296 quomodo
603 3214 682 3275 alias
713 3215 745 3274 in
777 3214 920 3295 precium
953 3214 1069 3275 domus
1100 3213 1264 3294 quondam
1297 3215 1478 3277 Domkonis

212 3332 275 3380 tres
298 3321 403 3401 pecias
428 3320 466 3381 de
492 3339 633 3402 purpura
657 3320 716 3380 sub
741 3319 948 3383 estimacione
973 3319 1147 3400 nonaginta
1180 3319 1376 3382 florenorum
1406 3343 1476 3405 pre-

215 3424 377 3487 bendariis
400 3438 431 3488 et
466 3425 640 3507 capellanis
675 3424 762 3486 chori
800 3426 932 3487 ecclesie
966 3439 1072 3487 nostre
1109 3424 1249 3504 dederat,
1281 3439 1312 3488 et
1347 3428 1478 3509 insuper

214 3529 404 3592 Michaelem
430 3530 618 3612 Oprasnych
643 3529 864 3592 fideiussorem
888 3550 946 3613 pro
970 3530 1082 3591 decem
1107 3529 1236 3591 florenis
1258 3546 1418 3613 posuerat.
1437 3535 1477 3595 Et

215 3635 290 3715 quia
315 3635 400 3696 iuxta
437 3634 622 3697 huiusmodi
654 3635 889 3697 dominacionis
921 3636 1031 3697 Vestre
1064 3636 1204 3716 ergregie
1236 3637 1477 3700 estimacionem

214 3760 354 3823 purpura
378 3740 474 3803 vendi
498 3760 554 3823 per
579 3759 634 3801 eos
657 3739 809 3800 hactenus
834 3760 899 3802 non
923 3741 1037 3821 potuit,
1070 3760 1173 3822 neque
1206 3756 1350 3822 speratur
1381 3744 1477 3805 vendi

213 3865 318 3928 posse,
343 3866 400 3928 pro
433 3865 471 3907 eo
500 3846 575 3907 dicti
607 3843 821 3926 prebendarii,
846 3847 1002 3927 capellani
1038 3847 1147 3923 nostri,
1185 3848 1320 3908 eandem
1353 3847 1476 3910 dudum

214 3951 322 4033 precio
347 3971 412 4032 quo
436 3951 503 4012 fieri
528 3951 683 4033 potuisset
708 3949 844 4011 vendere
869 3965 899 4012 et
921 3970 979 4032 pro
1012 3950 1140 4011 residuo
1173 3953 1309 4033 pecunie
1342 3953 1477 4014 domum

215 4076 338 4116 servare
364 4069 395 4117 et
418 4070 525 4118 tenere
549 4054 768 4133 intendebant,
793 4055 853 4116 nisi
878 4075 936 4117 nos
960 4054 1067 4117 favore
1101 4056 1336 4119 dominacionis
1367 4059 1478 4121 Vestre

216 4162 342 4242 egregie
378 4161 410 4222 id
439 4159 623 4222 faciendum
654 4161 886 4222 annuissemus.
921 4161 1015 4223 Unde
1041 4161 1300 4223 dominacionem
1331 4163 1478 4225 Vestram

216 4268 378 4348 egregiam
411 4267 611 4347 presentibus
648 4285 799 4346 rogamus
834 4266 1013 4347 diligenter,
1047 4266 1123 4327 velit
1153 4268 1322 4347 pecuniam
1363 4268 1480 4330 domus

216 4370 302 4452 juxta
327 4385 357 4433 et
381 4373 557 4434 secundum
583 4373 836 4434 convencionem
854 4372 968 4434 exinde
1003 4372 1117 4433 factam
1143 4373 1218 4452 ipsis
1250 4373 1479 4453 prebendariis,

218 4477 392 4556 capellanis
415 4477 540 4554 nostris,
565 4478 740 4557 restituere,
773 4498 977 4560 purpuraque
1011 4480 1078 4559 ipsa
1102 4497 1160 4558 pro
1190 4498 1223 4538 se
1254 4479 1404 4561 recipere,
1438 4501 1479 4543 ne

217 4580 316 4642 iidem
340 4581 542 4663 prebendarii
567 4584 724 4664 capellani
748 4585 847 4646 nostri
876 4598 1030 4665 cogantur
1054 4584 1156 4665 ipsam
1188 4584 1296 4665 precio
1320 4584 1375 4645 vili
1412 4606 1478 4667 quo

217 4700 346 4766 possent
370 4686 508 4748 vendere
533 4700 563 4748 et
587 4687 720 4750 domum
744 4709 802 4771 pro
833 4689 962 4751 residuo
979 4708 1176 4765 conservare,
1193 4688 1478 4772 dominacionique

218 4790 328 4852 Vestre
353 4793 467 4854 exinde
491 4792 613 4855 tedium
638 4794 770 4876 aliquod
795 4807 827 4857 et
843 4793 1019 4875 dampnum
1034 4791 1181 4870 inferant,
1198 4806 1229 4854 et
1244 4812 1316 4855 cum
1327 4793 1388 4857 hoc
1405 4816 1480 4859 ean-
