3472 5242
233 367 274 428 42
681 350 885 426 Doc.,11.-
909 352 963 411 An.
984 362 1072 426 1505.

235 455 355 463 *-

234 579 400 660 cionisque
431 580 650 642 ministrorum
679 579 840 642 delectum
863 579 1014 641 hactenus
1038 599 1103 641 non
1127 580 1201 640 satis
1225 580 1394 642 commode
1420 600 1495 641 con·

230 686 396 764 tinuatam,
421 687 505 747 iuxta
530 687 680 768 placitum
709 686 866 764 divinum,
889 706 1009 767 sueque
1034 685 1225 748 intencionis
1248 685 1395 748 effectum
1420 707 1489 768 per-

234 804 364 874 petuare
377 805 407 854 et
424 792 517 854 donis
530 792 718 854 melioribus
734 813 792 875 pro
809 793 994 854 necessitate
1006 793 1105 853 victus
1118 792 1336 853 ministrorum
1350 791 1494 871 fundare,

234 918 381 979 onusque
413 900 668 980 supportacionis
701 898 855 977 eiusdem,
887 911 921 960 ut
957 900 1087 959 immota
1120 917 1245 979 semper
1278 899 1495 980 inviolataque

234 1005 396 1086 perpetuis
420 1003 534 1066 futuris
554 1005 752 1086 temporibus
769 1005 907 1083 duraret,
923 1005 1017 1067 nobis
1035 1004 1200 1085 injungere
1218 1005 1360 1085 cupiens,
1377 1004 1496 1066 litteras

235 1111 390 1193 quasdam
426 1131 498 1173 suas
532 1113 757 1194 privilegiales,
785 1113 1024 1195 privilegialitcr
1059 1124 1090 1172 et
1120 1112 1278 1173 autentice
1310 1130 1404 1192 super
1434 1111 1495 1172 hoc

235 1231 397 1278 emanatas
420 1219 513 1280 nobis
537 1218 740 1298 exhibuisset,
764 1239 899 1280 monens
922 1239 980 1280 nos
1004 1218 1172 1279 salubriter
1195 1232 1226 1279 et
1250 1217 1429 1294 exhortans,
1462 1230 1495 1277 ut

234 1343 316 1386 onus
346 1325 600 1405 supportacionis
630 1326 728 1407 ipsius
759 1326 853 1386 misse
889 1325 938 1385 vel
968 1325 1029 1386 hoc
1064 1325 1144 1406 ipso,
1168 1323 1255 1404 qnod
1280 1323 1419 1384 accionis
1441 1323 1494 1404 pie

235 1430 359 1511 pietatis
391 1431 457 1511 ipsa
489 1431 647 1512 premium
683 1445 764 1493 esset
795 1432 911 1510 subire,
934 1450 1158 1511 assumereque
1191 1430 1222 1491 in
1254 1449 1313 1489 nos
1336 1448 1495 1489 successo-

235 1554 347 1616 resque
372 1550 496 1597 nostros
520 1536 720 1615 deberemus,
741 1537 923 1618 litterasque
948 1550 1071 1598 nostras
1094 1535 1301 1617 obligatorias
1324 1533 1495 1615 superinde
1574 1604 1579 1613 Δ

234 1661 293 1723 pro
327 1642 449 1704 cautela
474 1641 577 1704 lutura
603 1645 662 1705 sub
687 1643 794 1725 sigillo
819 1657 928 1705 nostro
952 1642 1117 1724 capitulari
1143 1640 1254 1721 majori
1279 1654 1310 1701 et
1333 1639 1495 1701 autentico

234 1746 346 1808 litteris
369 1749 434 1808 suis
457 1749 710 1830 privilegialibus
734 1748 773 1809 de
799 1750 896 1810 verbo
919 1748 959 1810 ad
984 1749 1118 1809 verbum
1142 1746 1276 1824 insertis,
1297 1745 1403 1806 eidem
1420 1765 1495 1806 con·

235 1855 429 1915 cederemus.
462 1855 607 1928 Quarum
641 1869 732 1917 tenor
763 1869 797 1916 ut
828 1856 971 1936 sequitur
993 1855 1065 1915 talis
1089 1866 1152 1914 est:
1177 1851 1261 1934 (vide
1287 1852 1365 1913 Doc.
1388 1871 1431 1932 40
1456 1851 1495 1912 de

234 1979 319 2021 anno
338 1981 428 2040 1505.
453 1982 476 2022 r.
495 1961 625 2043 aprilis).
643 1962 710 2022 Nos
728 1961 845 2042 itaque,
862 1981 927 2022 non
944 1974 1050 2022 tamen
1064 1980 1119 2040 spe
1137 1958 1298 2019 commodi
1317 1958 1495 2040 cuiuspiam

234 2079 288 2126 aut
320 2066 398 2126 lucri
432 2068 627 2148 temporalis,
650 2087 746 2149 quam
778 2068 808 2128 vi
840 2068 985 2129 salutaris
1017 2079 1047 2127 et
1078 2065 1184 2126 debite
1209 2065 1408 2144 obediencie,
1432 2085 1495 2146 que

235 2172 385 2253 precipua
418 2173 523 2233 omnis
555 2174 631 2234 boni
663 2174 857 2234 observatrix
891 2187 921 2235 et
949 2174 1038 2254 quasi
1063 2185 1168 2233 custos
1192 2171 1324 2251 quidam
1348 2172 1494 2233 omnium

235 2277 345 2356 extitit,
362 2279 421 2359 ipsi
447 2326 585 2341 .....
611 2294 719 2341 nostro
744 2326 883 2342 .....
909 2280 1022 2342 sedulo
1047 2300 1102 2362 per
1122 2298 1181 2339 nos
1201 2277 1371 2338 exhibendi
1389 2279 1493 2340 cultus

235 2382 334 2444 divini
359 2384 472 2463 majori
497 2386 529 2446 in
554 2386 637 2447 dicta
661 2386 793 2449 ecclesia
818 2388 1015 2448 incremento
1043 2385 1083 2448 ad
1108 2384 1168 2446 hoc
1192 2385 1244 2446 vel
1268 2384 1424 2465 imprimis
1448 2385 1495 2445 in-

235 2487 332 2567 ducti,
357 2491 520 2551 communi
546 2511 702 2553 consensu
735 2493 867 2574 parique
891 2506 922 2554 et
945 2492 1089 2554 unanimi
1117 2491 1292 2568 voluntate,
1317 2503 1440 2551 matura
1464 2504 1495 2552 et

236 2593 382 2675 diligenti
416 2597 651 2659 deliberacione
685 2600 848 2679 premissa,
872 2619 954 2660 onus
985 2598 1240 2680 supportacionis
1272 2597 1372 2678 ipsius
1400 2596 1495 2657 misse

235 2700 422 2762 sanctissimi
448 2704 531 2784 regis
556 2704 707 2785 Stephani
734 2706 818 2766 iuxta
843 2705 979 2767 formam
1003 2720 1033 2765 et
1056 2717 1200 2765 tenorem
1224 2704 1400 2764 litterarum
1432 2703 1495 2783 pri-

235 2806 431 2886 vilegialium
456 2810 711 2871 reverendissimi
737 2811 859 2872 domini
885 2812 980 2872 nostri
1006 2810 1045 2871 ad
1069 2811 1203 2871 verbum
1227 2808 1277 2869 hic
1295 2809 1496 2886 insertarum,

235 2912 267 2972 in
292 2933 360 2991 nos,
384 2932 644 2995 successoresque
668 2930 792 2978 nostros
815 2918 1012 2998 suscepimus
1042 2929 1073 2978 et
1096 2916 1340 2997 acceptavimus,
1364 2914 1496 2995 suscipi-

235 3036 370 3098 musque
404 3033 434 3080 et
458 3033 659 3101 acceptamus
690 3023 851 3103 perpetuis
874 3041 998 3103 semper
1030 3021 1143 3083 futuris
1166 3021 1365 3101 temporibus
1389 3019 1523 3111 debita⁸

235 3143 308 3184 cum
340 3124 522 3186 celebritate
555 3124 691 3188 ferentes
724 3141 755 3189 et
778 3141 981 3209 exequentes,
1005 3128 1054 3188 his
1078 3126 1323 3188 condicionibus
1347 3125 1494 3205 adjectis:

235 3242 270 3290 ut
291 3230 437 3310 quolibet
468 3230 519 3291 die
544 3245 681 3312 quatuor
705 3254 742 3294 ex
774 3234 922 3296 fratribus
946 3234 1061 3295 nostris
1085 3253 1143 3315 per
1167 3252 1199 3293 se
1224 3231 1274 3292 vel
1298 3231 1495 3309 substitutos,

235 3335 349 3416 quinto
374 3337 475 3417 ipsam
499 3338 628 3400 missam
653 3360 726 3401 cum
749 3341 850 3403 tribus
874 3340 1026 3418 collectis,
1052 3339 1201 3400 videlicet
1223 3341 1262 3398 de
1288 3350 1397 3398 sancto
1421 3357 1494 3417 rege

236 3440 399 3522 Stephano
423 3443 456 3503 in
480 3443 588 3506 medio
612 3465 685 3507 cum
710 3447 854 3525 collecta,
871 3467 933 3529 que
958 3447 1073 3508 dicitur
1095 3466 1152 3528 pro
1175 3446 1277 3507 salute
1301 3444 1448 3505 vivorum
1465 3456 1497 3504 et

235 3559 446 3627 mortuorum,
469 3549 635 3612 videlicet:
660 3551 757 3631 Deus,
775 3553 831 3634 qui
855 3553 1002 3634 vivorum
1023 3552 1199 3613 dominaris
1215 3549 1311 3611 simul
1327 3563 1358 3611 et
1374 3561 1495 3610 mortu·

235 3672 327 3714 orum
359 3667 418 3715 etc.
443 3655 668 3718 concludendo
699 3677 772 3720 cum
804 3659 937 3721 collecta
969 3658 1008 3720 de
1032 3671 1141 3719 sancto
1167 3658 1252 3719 Luca
1277 3654 1495 3737 ewangelista,

235 3758 439 3837 celebrando,
464 3760 631 3824 decantare
656 3776 834 3826 teneantur.
852 3763 995 3826 Custode
1013 3764 1111 3845 ipsius
1127 3762 1259 3824 ecclesie
1275 3782 1334 3844 pro
1350 3775 1494 3843 tempore

235 3865 408 3927 constituto
441 3886 557 3948 panem
590 3883 621 3930 et
655 3871 766 3931 vinum
802 3890 838 3931 ac
870 3870 1039 3931 luminaria
1072 3869 1111 3930 ad
1142 3870 1231 3952 pium
1261 3869 1437 3949 hocopus,
1462 3879 1496 3928 ut

234 3969 388 4034 hactenus
412 3992 542 4054 quoque
567 3976 771 4037 observatum
795 3989 851 4054 est,
868 3975 1061 4038 sufficienter
1084 3975 1327 4037 administrandi
1348 3988 1379 4035 et
1394 3972 1495 4035 nichi-

235 4077 376 4151 lominus
407 4078 521 4140 sedulo
555 4094 587 4142 et
610 4081 780 4162 diligenter
803 4081 998 4159 attendendi,
1027 4101 1067 4143 ne
1091 4081 1268 4162 cuiuspiam
1289 4079 1495 4161 indiligencia

235 4203 316 4265 opus
347 4182 408 4246 hoc
444 4184 643 4248 salutiferum
678 4201 732 4249 aut
763 4188 795 4248 in
829 4207 862 4249 se
894 4187 1129 4269 quoquomodo
1162 4186 1342 4267 negligatur
1377 4199 1431 4246 aut
1463 4185 1495 4245 in

234 4289 477 4375 sollempnitate·
499 4293 649 4372 requisita
667 4293 874 4356 diminuatur.
889 4294 986 4368 Quod
1003 4295 1027 4355 si
1042 4293 1163 4355 incuria
1176 4291 1353 4373 cuiuspiam
1366 4291 1495 4352 missam

235 4397 337 4478 ipsam
369 4398 514 4480 intercipi
546 4400 719 4481 contingat,
756 4401 782 4461 is
812 4400 853 4462 ad
885 4401 1077 4462 relacionem
1112 4398 1252 4461 custodis
1284 4397 1315 4458 in
1351 4397 1495 4479 proxima

235 4501 394 4564 divisione
426 4503 553 4566 duobus
585 4518 616 4566 et
639 4507 766 4587 triginta
797 4507 919 4586 solidis,
945 4507 1033 4568 omni
1057 4505 1248 4587 excepcione
1272 4517 1405 4582 remota,
1428 4503 1496 4563 sine

235 4608 395 4672 dilacione
430 4610 572 4693 privetur
602 4624 633 4673 et
665 4613 895 4674 nichilominus
925 4632 981 4694 per
1013 4633 1045 4672 se
1081 4612 1131 4673 vel
1162 4611 1370 4692 subrogatum
1393 4611 1495 4691 ipsam

234 4715 375 4795 missam,
406 4735 445 4777 eo
478 4719 618 4797 absente,
652 4733 757 4781 custos
788 4739 845 4802 per
874 4738 908 4781 se
940 4732 994 4780 aut
1023 4737 1079 4801 per
1102 4718 1309 4779 substitutum
1332 4715 1496 4799 postridie,

232 4818 375 4903 legendo
397 4836 532 4905 tantum,
555 4826 664 4908 peragi
681 4826 816 4888 omnino
832 4825 947 4887 debeat
962 4838 994 4887 et
1009 4837 1164 4887 teneatur.
1191 4824 1240 4886 Eo
1256 4842 1333 4885 vero
1348 4834 1495 4907 presente
