3472 5242
248 361 309 440 248
663 361 727 417 Doc
757 373 831 419 200.
857 393 895 402 —
922 360 977 417 An.
1003 355 1094 434 1526.

247 591 379 672 bewczy
402 602 515 667 essent,
533 608 612 670 quas
635 589 675 649 ab
700 608 738 650 eo
762 587 1044 670 impresentiarum
1062 587 1103 649 ob
1121 586 1153 647 id
1167 585 1358 648 haberinon
1375 601 1515 670 possent,

249 694 337 778 quod
373 695 440 777 ipse
478 695 510 756 in
535 695 682 777 proxime
717 695 870 776 preterito
905 692 1047 775 generali
1084 706 1244 755 conventu
1279 693 1515 775 regnicolarum

249 815 429 863 nostrarum
455 814 556 862 certas
579 801 620 861 ob
646 820 756 862 causas
780 819 836 882 per
860 819 919 862 nos
943 799 1138 881 proscriptus
1162 812 1192 860 et
1217 813 1293 861 nota
1318 798 1516 862 infidelitatis

249 905 482 968 condemnatus
506 918 604 981 csset;
631 919 701 967 tum
724 926 812 985 vero,
837 904 925 987 quod
954 904 1052 967 iidem
1088 905 1185 985 (cives
1219 919 1249 966 et
1273 904 1424 986 hospites)
1456 904 1517 966 hoc

248 1027 394 1094 tempore
417 1011 598 1073 defensioni
622 1011 723 1072 eciam
747 1031 783 1072 ac
815 1010 1055 1072 conservacioni
1088 1009 1209 1091 prefate
1242 1010 1379 1072 civitatis
1410 1024 1516 1072 nostre

250 1117 369 1180 montis
393 1116 573 1194 Grecensis,
597 1137 659 1199 que
685 1164 692 1178 .
718 1165 725 1179 .
751 1164 758 1179 .
783 1164 790 1178 .
815 1137 881 1179 non
912 1117 988 1178 satis
1011 1117 1051 1178 ab
1089 1115 1178 1177 hoste
1210 1128 1278 1178 tuta
1314 1135 1381 1177 esse
1414 1129 1518 1198 potest

250 1223 514 1304 superintendere
539 1236 569 1284 et
606 1223 774 1304 invigilare
808 1223 947 1284 debeant
971 1268 1112 1284 .....
1136 1243 1170 1284 se
1195 1223 1338 1304 ipsorum
1371 1221 1516 1302 invigila-

251 1329 374 1391 tionem
399 1341 430 1391 et
454 1375 461 1391 .
487 1376 494 1390 .
521 1377 528 1390 .
554 1379 560 1392 .
587 1342 759 1409 nequeant,
784 1327 864 1390 inira
888 1342 1015 1409 tempus
1039 1328 1195 1410 presentis
1217 1328 1463 1408 gravaminis..
1482 1373 1516 1388 ..

252 1434 367 1497 nostris
389 1435 533 1516 graciose
558 1433 766 1496 differendam
791 1433 941 1496 duximus
964 1447 994 1495 et
1018 1432 1267 1516 prorogandam,
1299 1433 1400 1495 immo
1432 1430 1517 1493 dei·

252 1540 352 1602 rimus
377 1554 408 1602 et
431 1559 643 1622 prorogamus
660 1541 860 1621 presencium
878 1558 933 1621 per
955 1539 1110 1621 vigorem.
1136 1539 1295 1612 Quocirca
1311 1538 1519 1601 fidelitatibus

252 1647 365 1708 vestris
388 1659 419 1708 et
442 1659 620 1707 vestrorum
645 1645 777 1707 cuilibet
799 1645 913 1707 harum
936 1645 1016 1707 serie
1041 1645 1233 1706 mandamus
1257 1658 1288 1706 et
1312 1644 1517 1726 precipimus,

253 1765 410 1833 quatenus
434 1750 553 1813 amodo
578 1750 659 1813 inira
682 1764 809 1833 tempus
833 1751 1023 1832 premissum
1040 1770 1168 1812 causam
1185 1749 1341 1832 prefatam
1357 1750 1518 1812 dictorum

254 1858 372 1919 civium
397 1871 579 1923 nostrorum
604 1856 809 1938 suspendere,
823 1856 949 1919 differre
974 1871 1004 1919 et
1021 1875 1204 1939 prorogare,
1221 1877 1257 1918 ac
1280 1876 1339 1939 pro
1356 1875 1519 1938 suspensa,

255 1962 353 2025 dilata
378 1976 408 2024 et
431 1976 601 2045 prorogata
626 1962 743 2024 habere
768 1962 921 2024 debeatis.
947 1964 1045 2024 Secua
1070 1961 1173 2025 iacere
1198 1962 1289 2025 nullo
1318 1961 1417 2024 modo
1448 1981 1518 2043 pre·

254 2069 432 2130 summatis.
468 2069 672 2130 presentibus
703 2068 860 2150 perlectis,
893 2067 1054 2130 exhibenti
1088 2068 1249 2130 restitutis.
1274 2067 1393 2129 Datum
1428 2066 1519 2129 Bude

255 2175 389 2236 sabbato
413 2175 445 2235 in
468 2173 610 2256 profesto
634 2174 808 2236 nativitatis
832 2175 915 2235 beati
942 2174 1074 2236 loannis
1105 2174 1250 2256 baptiste.
1275 2178 1371 2236 Anno
1395 2173 1520 2236 domini

256 2279 431 2341 millesimo
456 2280 716 2362 quingentesimo
740 2279 898 2361 vigesimo
918 2293 1021 2341 sexto
1508 2288 1514 2300 ‘

362 2419 498 2485 Originale
530 2421 556 2471 in
586 2421 684 2483 charta,
715 2423 757 2470 sat
793 2419 920 2470 lacerum.
951 2418 979 2469 In
1006 2419 1123 2484 margine
1148 2418 1266 2471 inferiori
1295 2390 1452 2484 impressam
1480 2426 1522 2471 est

258 2507 383 2573 sigilium.
402 2507 431 2558 ln
450 2508 547 2560 archiv.
567 2508 626 2559 incl.
646 2508 744 2560 Accad.
764 2504 862 2559 Scient.
886 2504 988 2559 slavor.
1010 2507 1101 2559 merld.

845 2788 938 2854 200.

363 2947 438 2999 Αυιιο
460 2946 535 3000 1526.
554 2949 597 3001 23.
615 2947 682 3014 junii
702 2948 800 3001 Budas.

259 3093 425 3154 Ludovicus
448 3093 503 3168 ll,
526 3093 629 3167 Hung.
653 3101 694 3151 etc
727 3113 791 3170 rex,
814 3095 897 3152 bants
920 3094 1078 3153 Slavom'ae
1100 3097 1186 3169 regni
1198 3098 1292 3171 jubet,
1325 3105 1358 3154 ut
1379 3098 1453 3154 cives
1475 3114 1522 3152 za-

321 3201 488 3275 grabienscs
510 3196 676 3276 defendant,
700 3201 728 3256 si
750 3201 815 3274 quis
837 3201 874 3258 ab
902 3202 939 3258 iis
961 3203 1086 3274 oestrgol
1105 3203 1153 3259 vel
1164 3203 1328 3275 portorium
1348 3203 1457 3275 exigat.

909 3357 1069 3408 Commissio
1089 3358 1197 3421 propria
1217 3357 1315 3409 domini
1337 3359 1419 3423 regis.

366 3444 553 3506 Ludouicus
576 3444 627 3506 dei
653 3445 759 3526 gracia
782 3465 835 3506 rex
862 3446 1028 3527 Hungarie
1052 3460 1083 3508 et
1105 3446 1259 3508 Bohemie
1283 3460 1342 3508 etc.
1360 3447 1525 3511 Fidelibus

263 3552 378 3613 nostris
402 3549 573 3632 magnifico
598 3551 767 3612 Francisco
792 3551 832 3613 de
857 3551 1013 3634 Batthyan
1046 3572 1218 3633 regnorum
1243 3566 1424 3615 nostrorum
1449 3553 1525 3615 Dal·

262 3658 375 3735 macie,
409 3655 544 3718 Croacie
590 3669 620 3718 et
663 3656 835 3718 Sclauonie
867 3657 1034 3737 moderno,
1071 3658 1249 3739 futurisque
1285 3659 1375 3720 banis
1410 3679 1525 3721 eorun-

263 3763 401 3843 demque
427 3762 598 3840 vicebanis,
621 3775 784 3844 presentes
808 3762 931 3840 visuris,
955 3763 1090 3825 salutem
1108 3777 1139 3825 et
1154 3764 1305 3846 graciam.
1330 3764 1521 3846 Expositum

263 3851 309 3930 est
333 3868 490 3930 Maiestati
514 3881 621 3931 nostre
653 3888 711 3949 pro
747 3882 833 3949 parte
865 3881 896 3929 et
920 3869 951 3929 in
985 3870 1129 3950 personis
1164 3869 1306 3931 fidelium
1343 3884 1525 3953 nostrorum

263 3974 458 4056 prudentum
482 3987 512 4035 et
536 3975 839 4055 circumspectorurn
863 3973 977 4054 judicis
1001 3989 1031 4036 et
1062 3974 1249 4056 juratorum,
1282 3990 1525 4059 ceterorumque

264 4081 486 4141 universorum
510 4079 627 4140 civium
653 4091 682 4139 et
707 4078 885 4141 incolarum
909 4080 1044 4141 civitatis
1068 4095 1174 4143 nostre
1205 4083 1325 4143 montis
1357 4081 1526 4145 Grecensis

263 4205 319 4267 per
343 4183 476 4245 modurn
499 4185 605 4265 gravis
628 4184 769 4264 querele,
794 4184 882 4265 quod
906 4187 1052 4265 quamvis
1068 4187 1126 4268 ipsi
1144 4188 1276 4269 antiqua
1292 4207 1404 4249 eorum
1430 4188 1525 4249 liber·

263 4290 336 4352 tatis
359 4290 559 4371 prerogativa
583 4310 639 4371 per
658 4289 750 4351 divos
773 4290 911 4353 condam
935 4312 1024 4373 reges
1057 4294 1233 4374 Hungarie‚
1258 4307 1383 4355 nostros
1406 4294 1527 4356 scilicet

264 4395 513 4478 predecessores,
527 4396 603 4477 ipsis
625 4396 767 4478 graciose
792 4417 940 4459 concessa
965 4411 995 4458 et
1019 4418 1075 4479 per
1100 4418 1159 4459 nos
1186 4418 1316 4480 quoque
1341 4398 1526 4461 confirmata

265 4500 488 4580 requirente,a
511 4501 676 4562 solucione
701 4503 871 4564 cuiuslibet
894 4503 1003 4564 tributi
1021 4518 1051 4565 et
1068 4503 1210 4565 thelonei
1234 4518 1299 4566 tam
1316 4504 1355 4566 de
1381 4505 1526 4587 personis

264 4605 402 4687 propriis
425 4625 523 4688 quam
548 4607 587 4668 de
622 4608 716 4674 rebus
738 4622 768 4670 et
801 4610 894 4672 bonis
929 4629 1040 4672 eorum
1077 4610 1243 4692 quibusvis
1277 4609 1345 4672 fieri
1380 4593 1527 4673 debenda

265 4709 393 4792 penitus
416 4725 448 4773 et
470 4733 527 4795 per
550 4714 659 4776 omnia
693 4715 832 4797 exempti
863 4729 967 4777 essent
998 4729 1029 4778 et
1059 4715 1236 4799 supportati
1271 4715 1386 4796 forent,
1419 4730 1526 4779 tamen

264 4812 421 4911 plerique,
444 4818 500 4901 qui
524 4817 664 4901 prefatos
687 4820 773 4883 cives
797 4835 828 4882 et
851 4821 972 4883 incolas
995 4821 1137 4905 predicte
1154 4821 1290 4884 civitatis
1311 4823 1430 4885 montis
1447 4821 1526 4885 Gre-
