3472 5242
651 343 725 409 Doc.
749 345 821 428 164.
845 383 887 392 —
912 350 969 409 An.
993 361 1082 424 1520.

244 450 765 460 —w———w-

238 573 398 654 gratitudo
423 574 612 637 interveniat
636 575 836 654 meritorum,
850 577 929 637 duas
953 576 1063 636 missas
1088 575 1120 636 in
1146 577 1288 657 qualibet
1321 577 1501 638 ebdomada

239 679 373 760 singulis
397 679 510 741 futuris
542 683 751 762 temporibus,
784 696 877 763 puta:
915 681 992 743 feria
1017 683 1112 743 tercia
1141 681 1180 742 de
1211 696 1320 743 sancto
1346 681 1504 763 Gregorio

239 803 331 866 papa,
356 785 446 846 cuius
470 786 609 847 secunda
634 787 741 848 oracio
766 787 804 847 de
837 800 945 848 sancto
976 787 1121 848 Johanne
1154 787 1299 869 baptista,
1331 787 1427 848 tercia
1463 787 1502 848 de

238 904 348 952 sancto
383 892 572 970 Laurencio,
609 907 720 973 quarta
756 912 815 974 pro
854 893 1071 955 sacerdotibus
1103 893 1248 972 mortuis,
1278 908 1371 974 puta:
1398 893 1504 953 Presta

239 1015 413 1076 quesumus
437 998 580 1077 domine,
612 1011 646 1058 ut
678 999 784 1060 anime
817 998 1013 1061 famulorum
1049 1015 1177 1060 tuorum
1210 999 1411 1060 sacerdotum
1445 1011 1503 1060 etc.

238 1102 349 1182 quinta
373 1103 412 1163 ad
430 1104 666 1185 beneplacitum
690 1104 889 1167 celebrantis.
915 1106 954 1167 Et
978 1103 1055 1165 feria
1079 1119 1164 1165 sexta
1188 1105 1335 1165 missam:
1362 1104 1501 1166 Humili-

239 1207 313 1285 avit,
338 1209 429 1269 cuius
452 1210 592 1270 secunda
616 1210 723 1271 oracio
749 1211 788 1271 de
818 1225 927 1273 sancto
952 1210 1165 1287 Christoforo,
1199 1211 1294 1272 tercia
1328 1212 1366 1270 de
1398 1224 1504 1271 sancta

240 1317 333 1374 Anna
357 1328 457 1376 matre
483 1316 593 1393 Marie,
619 1331 730 1396 quarta
756 1336 813 1399 pro
839 1317 1081 1394 commendatis,
1107 1316 1273 1377 videlicet:
1300 1317 1387 1381 Deus
1415 1317 1505 1376 cuius

240 1419 457 1482 misericordie
482 1435 551 1500 etc,
577 1423 688 1503 quinta
712 1443 769 1505 pro
794 1423 958 1484 voluntate
983 1422 1171 1484 celebrantis
1196 1442 1267 1483 cum
1300 1421 1389 1483 omni
1425 1421 1504 1483 dile·

238 1526 350 1604 gencia
375 1541 405 1588 et
428 1527 496 1588 sine
521 1527 647 1589 defectu
671 1529 803 1609 aliquali
829 1548 884 1610 per
899 1550 932 1591 se
949 1544 979 1590 et
996 1548 1071 1590 suos
1087 1547 1294 1606 successores,
1312 1528 1370 1588 sub
1388 1527 1502 1587 maiori

240 1631 335 1692 missa
359 1633 489 1694 ecclesie
515 1635 598 1694 beati
623 1635 705 1715 regis
728 1635 879 1715 Stephani
897 1650 928 1696 et
944 1635 977 1694 in
1001 1655 1054 1695 ara
1078 1648 1184 1695 sancte
1209 1633 1376 1694 Trinitatis
1400 1632 1504 1693 dicere

240 1747 269 1796 et
295 1737 455 1800 celebrare
491 1740 773 1822 compromisisset.
805 1741 924 1802 Verum
961 1741 1047 1801 idem
1081 1739 1231 1820 magister
1264 1737 1440 1819 Gregorius
1471 1757 1504 1797 se

241 1842 431 1923 recolligens
455 1859 485 1906 et
519 1846 599 1906 bene
625 1848 734 1907 animo
764 1847 945 1908 deliberans
973 1861 1003 1906 et
1031 1846 1209 1923 revolvens,
1240 1845 1327 1925 quod
1359 1843 1505 1925 quamvis

240 1947 306 2029 ipse
330 1961 393 2010 tres
416 1950 531 2012 domos
556 1950 721 2014 inferiores
745 1952 819 2013 satis
842 1954 1004 2033 eleganter
1029 1964 1207 2013 constructe
1240 1949 1421 2010 sufficerent
1446 1968 1503 2031 pro

242 2052 444 2117 habitacione
477 2056 576 2138 ipsius
615 2057 770 2119 Johannis
801 2059 1003 2140 prebendarii
1040 2072 1070 2118 et
1105 2048 1241 2118 suorum
1276 2074 1505 2132 successorum,

243 2170 350 2220 tamen
382 2180 440 2242 pro
472 2164 613 2224 vestibus
646 2177 677 2225 et
700 2164 771 2224 aliis
803 2165 898 2225 rebus
933 2165 1031 2246 ipsius
1060 2175 1090 2224 et
1121 2182 1251 2223 suorum
1287 2180 1503 2248 successorum

241 2267 466 2328 conservandis
491 2287 555 2330 non
579 2268 770 2348 sufficerent,
802 2290 838 2329 ex
863 2289 928 2351 quo
953 2268 1085 2330 inferior
1108 2288 1231 2330 camera
1249 2268 1287 2327 de
1312 2287 1404 2328 muro
1422 2265 1504 2327 lacta

241 2368 371 2432 deberet
394 2393 453 2454 pro
476 2374 667 2436 victualibus
692 2389 722 2436 et
745 2374 866 2437 familia
890 2375 1046 2457 deputari,
1063 2396 1098 2436 ac
1115 2362 1215 2436 eciam
1234 2375 1310 2435 dum
1328 2374 1503 2455 contigeret

242 2476 382 2557 aliquem
408 2481 581 2542 exercitum
605 2482 656 2543 vel
679 2482 800 2562 regiam
834 2482 1032 2542 Maiestatem
1064 2496 1118 2542 aut
1149 2496 1331 2562 magnatem
1363 2479 1504 2560 aliquem

241 2581 445 2664 descendere,
470 2587 537 2669 ipse
562 2587 724 2650 Johannes
747 2587 976 2670 prebendarius
992 2600 1023 2647 et
1038 2587 1087 2648 sui
1111 2605 1308 2647 successores
1333 2605 1397 2646 non
1423 2586 1504 2646 bene

241 2704 344 2750 essent
367 2693 469 2753 securi
494 2694 534 2755 de
559 2696 652 2755 rebus
684 2695 748 2755 suis
782 2695 862 2755 inter
886 2693 1135 2770 exercituantes3
1166 2693 1370 2754 considerans
1402 2690 1502 2751 eciam

242 2794 327 2856 idem
353 2799 503 2879 magister
527 2800 701 2882 Gregorius
724 2801 879 2883 plurimas
902 2799 1192 2877 incommoditates,
1224 2819 1303 2879 quas
1334 2798 1401 2879 ipse
1435 2818 1504 2879 pre-

242 2901 414 2964 bendarius
437 2920 469 2966 et
493 2907 540 2966 sui
566 2927 762 2968 successores
785 2906 933 2968 tollerare
959 2906 1121 2983 deberent,
1138 2905 1303 2987 presertim
1321 2904 1417 2966 simul
1434 2924 1502 2964 rno-

242 3007 342 3068 rando
367 3025 398 3071 et
422 3010 613 3074 dormiendo
636 3032 709 3073 cum
733 3011 854 3073 familia
878 3025 1021 3094 tempore
1039 3010 1173 3093 hyemis,
1191 3009 1278 3091 quod
1303 3009 1425 3070 clericis
1449 3029 1504 3070 seu

241 3115 424 3193 presbiteris
447 3118 581 3178 omnino
605 3138 671 3179 non
695 3118 855 3194 convenit,
880 3134 937 3178 nec
962 3118 1115 3178 haberent
1139 3116 1279 3196 quietem
1305 3116 1337 3176 in
1362 3115 1505 3175 dicendis

243 3218 328 3280 horis
345 3223 523 3300 canonicis;
541 3224 602 3284 hiis
619 3237 649 3284 et
665 3224 775 3284 multis
787 3222 858 3283 aliis
874 3222 1056 3283 racionibus
1073 3220 1382 3282 convenientissimis
1399 3235 1506 3280 motus

243 3338 273 3385 et
296 3326 445 3389 inductus
469 3329 546 3390 alias
570 3344 632 3390 tres
648 3330 773 3407 domos,
791 3330 865 3391 licet
880 3329 1030 3405 minores,
1048 3341 1265 3409 competentes
1287 3341 1393 3386 tamen
1411 3346 1504 3407 supra

243 3429 323 3491 duas
346 3433 461 3495 domos
485 3434 653 3496 inferiores
676 3448 825 3511 muratas,
850 3435 996 3495 similiter
1019 3433 1155 3508 stubam,
1181 3451 1339 3492 cameram
1373 3445 1403 3492 et
1435 3451 1504 3511 pre-

242 3537 359 3597 torium
385 3538 423 3598 de
449 3539 536 3620 ligno
562 3539 664 3602 lacere
688 3540 916 3621 proposuisset,
934 3539 972 3601 de
987 3539 1104 3619 quibus
1121 3538 1152 3598 in
1165 3556 1407 3618 recompensam
1424 3537 1502 3597 tanti

243 3642 388 3703 beneficii
425 3645 528 3706 dictus
553 3646 714 3707 Johannes
738 3646 977 3727 prebendarius,
1002 3644 1084 3705 ultra
1112 3656 1268 3725 pretactas
1291 3643 1370 3703 duas
1394 3643 1505 3703 missas

242 3766 300 3827 pro
325 3750 456 3811 muratis
480 3751 597 3811 celario
622 3767 652 3812 et
668 3752 819 3811 domibus
836 3750 1039 3811 inferioribus
1057 3750 1228 3826 ordinatas,
1246 3747 1505 3830 prenominatum

243 3855 429 3934 magistrum
455 3840 659 3938 Giegorium,
683 3870 841 3938 parentes,
865 3857 1120 3937 consanguineos
1145 3869 1175 3916 et
1199 3854 1419 3916 benefactores
1436 3855 1504 3914 eius

243 3959 274 4018 in
308 3959 440 4021 devotas
464 3977 494 4022 et
529 3975 697 4043 perpetuas
731 3962 896 4023 oraciones
931 3983 1002 4023 suas
1036 3963 1155 4023 scilicet
1186 3980 1403 4022 successorum
1431 3980 1504 4021 suo-

243 4083 313 4125 rum
339 4067 536 4147 suscepisset,
561 4087 596 4127 ac
620 4068 720 4128 dictas
743 4067 854 4128 missas
879 4069 1039 4149 perpetuis
1063 4067 1176 4128 futuris
1201 4067 1399 4148 temporibus
1430 4085 1502 4128 curn

242 4170 330 4230 omni
355 4170 526 4252 diligencia
551 4187 580 4233 et
604 4173 671 4233 sine
696 4172 823 4234 defectu
847 4173 979 4253 aliquali
1007 4193 1117 4254 perse
1142 4172 1192 4233 vel
1217 4192 1273 4253 per
1306 4170 1406 4232 aliurn
1432 4172 1502 4232 ido·

244 4295 340 4335 neum
365 4277 562 4339 sacerdotem
587 4278 703 4356 dicere,
727 4279 843 4359 legere,
868 4299 1018 4361 peragere
1043 4293 1073 4339 et
1104 4279 1264 4339 celebrare
1296 4278 1505 4358 promitteret,

246 4381 376 4442 deberet
401 4398 430 4443 et
454 4397 625 4461 teneretur,
650 4400 744 4465 prout
768 4385 925 4465 promisit,
957 4385 1151 4465 debebitque
1184 4398 1214 4444 et
1243 4383 1413 4460 tenebitur,
1449 4402 1506 4443 nec

245 4507 311 4548 non
335 4502 365 4548 et
389 4489 437 4549 sui
461 4509 658 4551 successores
682 4492 876 4552 tenebuntur
899 4505 929 4551 et
954 4504 1046 4550 erunt
1062 4490 1211 4570 obligati;
1236 4489 1389 4549 invocans
1405 4488 1504 4548 eciam

246 4592 332 4653 idern
357 4594 520 4657 Johannes
543 4596 772 4678 prebendarius
795 4610 905 4658 contra
921 4615 954 4656 se
972 4610 1002 4656 et
1018 4615 1093 4656 suos
1109 4613 1316 4672 successores,
1333 4593 1507 4674 quominus

246 4696 429 4760 huiusmodi
454 4700 516 4761 due
541 4702 634 4763 misse
658 4703 806 4763 videlicet
838 4701 916 4762 feria
947 4702 1043 4762 tercia
1072 4702 1112 4761 de
1143 4713 1252 4761 sancto
1286 4698 1444 4779 Gregorio
1477 4712 1507 4759 et

246 4802 324 4866 feria
348 4820 434 4868 sexta
459 4807 651 4870 Humiliavit
675 4826 747 4869 curn
772 4807 914 4870 collectis
938 4821 969 4867 et
993 4805 1197 4867 oracionibus
1220 4824 1314 4886 supra
1336 4804 1453 4866 notatis
1477 4818 1507 4865 et
