3472 5242
221 344 278 405 142
633 319 861 386 Doc.118.—
885 325 941 386 An.
966 337 1054 400 1515.

216 567 247 616 et
270 554 412 634 singulas
435 572 608 634 regnorum
633 566 663 615 et
682 552 919 634 provinciarum
940 552 1157 634 predictorum
1181 549 1332 631 civitates,
1349 552 1479 631 insulas,

215 672 315 721 terras
338 671 433 740 atque
458 659 527 720 loca
551 658 615 719 illis
637 657 779 719 subiecta
804 671 835 719 et
857 657 920 720 alia
940 658 985 718 eis
1005 657 1182 719 adiacentia
1202 657 1377 740 apostolice
1395 656 1479 718 sedis

217 763 257 827 de
277 765 374 826 latere
392 766 523 846 legatus.
543 764 593 824 Ad
612 763 751 825 futuram
772 764 815 824 rei
834 764 1033 824 memoriam.
1051 763 1176 825 Dilecto
1193 763 1286 825 nobis
1302 763 1334 824 in
1353 763 1480 825 Christo

218 869 376 951 Gregorio
400 869 440 930 de
464 869 653 946 Varasdino,
677 870 798 930 arcium
822 869 1003 931 liberalium
1029 869 1163 948 doctori,
1188 868 1414 930 archidiacono
1439 868 1478 929 de

217 975 322 1036 Vaslra
344 975 376 1035 in
400 975 533 1036 ecclesia
557 975 755 1056 zagrabiensi
781 988 811 1036 et
835 974 977 1036 eiusdem
1002 974 1134 1036 ecclesie
1159 975 1325 1051 canonico,
1343 974 1479 1035 salutem

219 1080 250 1142 in
282 1080 416 1141 domino
449 1081 686 1161 sempiternam.
711 1078 795 1142 Cum
826 1101 842 1141 a
868 1081 961 1142 nobis
984 1081 1101 1161 petitur
1125 1080 1212 1161 quod
1238 1082 1356 1142 iustum
1381 1094 1427 1142 est
1451 1095 1481 1142 et

217 1186 399 1263 honestum,
423 1200 487 1246 tam
512 1186 603 1265 vigor
627 1185 775 1266 equitatis
799 1206 896 1266 quam
919 1186 999 1247 ordo
1024 1186 1121 1267 exigit
1145 1186 1287 1265 rationis,
1314 1200 1347 1246 ut
1370 1186 1401 1247 id
1425 1206 1481 1267 per

218 1290 456 1352 solicitudinem
489 1289 586 1351 officii
620 1291 717 1352 nostri
750 1290 790 1351 ad
822 1291 967 1353 debitum
999 1291 1190 1373 perducatur
1214 1291 1371 1353 effectum.
1397 1273 1481 1353 Sane

218 1417 277 1478 pro
308 1410 396 1478 parte
428 1411 480 1457 tua
517 1396 609 1457 nobis
641 1416 743 1477 nuper
776 1396 915 1458 exhibita
949 1397 1061 1479 petitio
1095 1398 1289 1474 continebat,
1321 1396 1408 1477 quod
1445 1410 1480 1457 tu

219 1503 297 1564 alias
328 1503 459 1584 cupieos
490 1516 613 1563 terrena
642 1522 699 1584 pro
724 1502 894 1564 celestibus
918 1517 948 1563 et
970 1502 1151 1563 transitoria
1176 1522 1232 1583 pro
1257 1503 1374 1563 eternis
1397 1501 1481 1563 felici

209 1609 375 1681 ,comertio
407 1621 616 1686 commutare,
640 1628 675 1669 ac
707 1608 746 1668 de
775 1608 868 1668 bonis
892 1629 909 1668 a
933 1608 994 1669 deo
1018 1609 1076 1669 tibi
1101 1608 1224 1668 collatis
1248 1627 1305 1689 pro
1330 1608 1387 1686 tui,
1411 1621 1481 1669 tuo-

220 1733 356 1795 rumque
372 1728 541 1795 parentum
557 1714 736 1774 animarum
754 1713 855 1774 salute
872 1713 911 1774 ad
929 1712 1029 1774 divini
1047 1713 1150 1774 cultus
1167 1713 1307 1790 laudem,
1325 1713 1482 1775 honorem

220 1834 250 1882 et
275 1833 483 1901 augmentum
509 1818 674 1900 quoddam
699 1818 796 1880 altare
822 1820 880 1879 sub
905 1819 1107 1879 invocatione
1132 1832 1238 1879 sancte
1261 1833 1291 1880 et
1316 1819 1482 1880 individue

221 1925 389 1987 Trinitatis
414 1926 445 1986 io
470 1923 592 2006 prefata
616 1924 749 1987 ecclesia
774 1925 972 2006 zagrabiensi
995 1925 1073 2005 erigi
1091 1939 1121 1986 et
1146 1921 1285 1986 construi
1306 1925 1483 2004 obtinuisti,

219 2043 315 2114 prout
346 2030 385 2091 de
417 2029 500 2091 facto
534 2031 734 2112 superiorum
767 2045 895 2092 tuorum
921 2030 960 2091 ad
984 2029 1046 2091 hoc
1070 2030 1300 2092 interveniente
1326 2050 1483 2091 consensu

221 2137 346 2199 erexisti
364 2150 394 2198 et
411 2136 623 2215 construxisti,
636 2156 693 2196 seu
709 2136 787 2218 erigi
805 2150 836 2197 et
852 2136 991 2197 construi
1009 2136 1196 2218 procurasti,
1209 2136 1355 2217 illudque
1372 2136 1483 2198 domui

220 2256 251 2304 et
283 2241 385 2303 fundo
417 2240 603 2324 prebendali
635 2241 702 2302 sive
737 2241 899 2323 prebende
928 2241 1094 2302 cuiusdam
1119 2241 1250 2322 Georgii
1274 2242 1419 2302 similiter
1444 2241 1483 2302 de

220 2347 409 2426 Varasdino,
422 2346 542 2429 prefate
560 2347 692 2408 ecclesie
709 2347 923 2427 zagrabiensis
939 2347 1140 2429 prebendarii
1159 2347 1255 2408 etiam
1272 2347 1311 2408 de
1326 2367 1484 2408 consensu

222 2453 455 2515 venerabilium
487 2453 694 2514 dominorum
728 2452 858 2534 capituli
891 2467 922 2514 et
952 2453 1181 2513 canonicorum
1206 2452 1326 2534 prefate
1351 2452 1483 2515 ecclesie

220 2559 435 2639 zagrabiensis
451 2558 490 2619 de
508 2578 646 2639 quorum
664 2557 731 2639 jure
749 2570 933 2640 patronatus
950 2558 1062 2620 eadem
1080 2557 1196 2619 domus
1212 2559 1415 2640 prebendalis
1427 2579 1484 2620 seu

220 2664 383 2747 prebenda
404 2664 507 2725 existit
529 2664 683 2725 annexisti
706 2679 736 2725 et
759 2665 978 2746 incorporasti,
995 2664 1225 2745 quamquidem
1242 2663 1376 2726 domum
1392 2678 1426 2726 tu
1442 2665 1484 2726 ob

221 2770 282 2832 hoc
306 2770 345 2830 de
369 2789 462 2831 muro
483 2783 513 2831 et
537 2768 754 2831 fundamentis
778 2789 874 2851 opere
895 2782 1084 2851 sumptuoso
1103 2768 1256 2832 edificasti
1273 2789 1328 2832 seu
1346 2769 1485 2832 edificari

222 2890 253 2937 et
276 2876 377 2937 extrui
402 2875 513 2956 fecisti,
531 2895 659 2957 quaque
684 2896 724 2938 ue
748 2876 908 2958 quispiam
925 2895 983 2957 pro
999 2888 1144 2959 ternpore
1161 2877 1297 2937 existens
1313 2877 1486 2938 canonicus

221 2994 275 3043 aut
299 2981 488 3063 dignitarius
520 2981 663 3043 eiusdem
688 2982 820 3043 ecclesie
844 3002 880 3042 ex
906 2981 1078 3042 collatione
1101 3001 1157 3041 seu
1182 2981 1355 3042 donatione
1379 2982 1483 3042 cuius-

223 3107 349 3168 cunque
381 3087 441 3148 sibi
475 3088 533 3169 ipsi
563 3107 715 3169 usurpare
747 3107 804 3149 seu
828 3088 898 3149 usui
925 3106 984 3148 suo
1009 3107 1164 3169 occupare
1190 3087 1299 3168 possit,
1324 3087 1364 3149 de
1388 3087 1484 3148 simili

222 3212 379 3255 consensu
411 3207 442 3254 et
472 3213 617 3276 expressa
651 3194 726 3256 dicti
759 3195 889 3276 capituli
921 3208 951 3255 et
987 3193 1214 3255 canonicorum
1240 3192 1403 3254 voluntate
1428 3193 1486 3253 irn-

222 3301 348 3383 petrasti
386 3320 421 3361 ac
456 3320 593 3361 unacum
626 3300 722 3361 etiam
754 3300 872 3361 dilecto
906 3299 999 3360 nobis
1030 3299 1062 3360 in
1097 3298 1225 3360 Christo
1259 3298 1414 3359 Michaele
1446 3299 1486 3359 de

224 3406 329 3467 Mlaka
354 3406 529 3488 presbitero
562 3405 709 3466 similiter
731 3406 947 3487 prebendario
972 3405 1054 3466 dicte
1079 3404 1222 3482 ecclesie,
1244 3405 1365 3465 dictum
1388 3405 1486 3466 altare

223 3512 262 3572 ad
299 3511 387 3592 quod
424 3511 510 3572 idem
543 3511 680 3572 Michael
712 3512 818 3572 anime
852 3512 979 3594 proprie
1012 3511 1147 3572 salutem
1181 3510 1358 3591 recogitans
1389 3524 1488 3572 certas

223 3618 439 3700 possessiones
455 3617 515 3678 sibi
532 3616 600 3697 jure
617 3616 810 3695 hereditario
827 3617 997 3678 attinentes
1013 3636 1071 3698 pro
1089 3616 1187 3698 ipsius
1204 3616 1309 3677 altaris
1326 3617 1487 3698 pinguiori

223 3723 386 3784 dotatione
419 3722 560 3804 pleo‘arie
589 3742 662 3783 cum
687 3723 838 3783 omnibus
861 3723 926 3784 suis
950 3721 1115 3800 fructibus,
1139 3722 1327 3802 redditibus,
1351 3743 1487 3805 proven-

223 3828 318 3906 tibus,
343 3827 533 3889 utilitatibus
557 3847 592 3888 ac
616 3828 843 3890 emolumentis
867 3843 1022 3911 perpetuo
1046 3829 1177 3889 tradidit
1201 3842 1231 3890 et
1255 3829 1409 3890 concessit
1430 3849 1489 3910 pro

223 3933 368 3994 eiusdem
400 3933 507 3993 altaris
530 3932 733 4014 prebendarii
758 3953 814 3994 seu
839 3934 997 4016 capellani
1021 3935 1273 3996 substentatione
1297 3933 1491 3997 sufficienter

224 4037 350 4115 dotasti,
375 4037 407 4098 in
441 4036 648 4118 futurumque
681 4038 810 4099 uberius
845 4038 949 4100 adhuc
981 4040 1090 4100 dotare
1123 4040 1277 4122 proponis
1307 4040 1361 4100 tali
1386 4040 1490 4100 adicta

224 4139 419 4220 conditione,
444 4143 531 4222 quod
556 4163 614 4224 pro
635 4164 719 4204 nunc
746 4157 776 4204 et
793 4163 850 4225 pro
868 4157 1011 4226 tempore
1039 4144 1114 4206 dicti
1131 4144 1238 4206 altaris
1254 4164 1310 4204 seu
1327 4145 1488 4226 prebende

223 4247 453 4330 prebendarius
489 4268 545 4309 seu
578 4249 717 4310 altarista
754 4249 889 4310 existens
920 4261 1065 4311 teneatur
1098 4264 1129 4310 et
1162 4250 1275 4311 debeat
1308 4250 1428 4312 ibidem
1461 4265 1492 4312 et

226 4352 257 4412 in
290 4351 405 4413 eodem
437 4353 526 4413 altari
558 4354 669 4415 missas
701 4355 780 4416 duas
813 4354 947 4435 singulis
982 4355 1171 4416 ebdomadis
1195 4356 1355 4437 perpetuis
1379 4354 1492 4417 futuris

230 4457 430 4537 temporibus
462 4458 575 4520 diebus
604 4460 752 4521 videlicet
775 4460 938 4521 dominico
960 4480 1055 4521 unam
1081 4461 1120 4522 ad
1144 4474 1250 4521 sancte
1274 4474 1305 4521 et
1328 4461 1493 4522 individue

226 4561 402 4640 Trinitatis,
436 4563 567 4625 alteram
601 4584 675 4626 vero
708 4565 843 4646 singulis
875 4566 995 4647 quintis
1027 4564 1113 4627 leriis
1145 4567 1313 4627 cuiuslibet
1344 4567 1419 4627 anoi
1452 4566 1492 4627 ad

226 4668 428 4746 venerabilis,
444 4669 710 4751 sacratissimique
733 4671 875 4752 corporis
899 4670 1023 4732 domini
1045 4673 1143 4732 nostri
1162 4673 1235 4733 lesu
1253 4671 1369 4733 Christi
1388 4692 1492 4734 sacra·
1516 4672 1517 4676 ’

226 4773 325 4849 menti
351 4773 491 4855 laudem,
510 4775 606 4837 decus
630 4789 660 4837 et
684 4775 840 4839 honorem
864 4795 921 4858 per
942 4777 1082 4858 seipsum
1108 4791 1162 4838 aut
1179 4777 1278 4838 alium
1295 4777 1491 4840 sacerdotem
1575 4852 1578 4859 ⁴
