3472 5242
609 376 682 436 Dor.
708 371 763 446 88,
779 365 840 450 89.
863 410 904 418 —
928 377 987 434 An.
1011 387 1094 450 1511.

223 478 489 486 *-

816 602 878 666 88.

324 760 398 810 Anno
421 760 496 812 1511.

214 905 379 980 Emericus,
411 905 489 963 card.
522 904 687 977 archiepisc.
723 903 927 976 Strrgonearr's,
961 906 1160 962 concessionem
1191 923 1211 960 a
1241 905 1323 962 Luca
1354 908 1482 982 epr‘scopa

214 1011 331 1085 zagrab.
357 1012 456 1067 datam
478 1009 648 1083 comprobat,
672 1017 705 1066 u!
725 1010 869 1066 Antonias
892 1010 925 1067 de
949 1009 1062 1066 Katraa
1085 1011 1116 1066 in
1139 1029 1210 1067 area
1233 1014 1357 1084 capitali
1376 1029 1480 1071 notram

477 1116 590 1173 daniam
612 1117 643 1172 r'a
658 1115 939 1190 praebendariorum
962 1135 1044 1173 asum
1067 1124 1220 1176 construat.

319 1257 352 1317 ln
385 1256 526 1318 archivio
557 1255 863 1338 praebendariorum
894 1256 1054 1316 invenitur
1085 1256 1188 1317 littera
1219 1256 1259 1317 de
1292 1256 1384 1318 dato:
1418 1259 1477 1320 Za-

213 1362 353 1444 grabiae,
372 1362 533 1424 dominica
555 1363 698 1440 Laetare,
717 1361 864 1423 Thomae
881 1382 904 1422 s.
923 1361 1051 1422 Martini
1069 1361 1102 1421 in
1120 1362 1284 1423 Montibus
1302 1362 1481 1443 cardinalis,

215 1467 444 1550 archiepiscopi
470 1467 707 1549 Strigoniensis.
732 1467 991 1528 Praesentaverat
1014 1466 1060 1528 illi
1086 1467 1247 1527 Antonius
1271 1467 1310 1529 de
1329 1469 1480 1550 Kuttyna,

215 1573 387 1634 canonicus
411 1574 635 1655 zagrabiensis,
659 1572 732 1634 has:
760 1574 882 1635 »Lucas
905 1574 1074 1656 episcopus
1098 1573 1322 1653 zagrabiensis,
1340 1576 1480 1656 capitulo

215 1678 423 1759 zagrabiensi.
456 1678 540 1740 Cum
576 1678 671 1740 frater
705 1691 813 1740 noster
848 1679 997 1760 magister
1033 1679 1195 1740 Antonius
1234 1680 1342 1742 senior
1373 1682 1480 1763 cupiat

214 1784 348 1846 domum
373 1784 536 1866 quandam
567 1784 739 1867 lapideam,
763 1783 909 1847 aedificio
943 1804 1007 1847 non
1040 1785 1174 1866 vulgari,
1209 1785 1240 1846 in
1273 1805 1345 1847 area
1374 1800 1480 1850 nostra

215 1890 379 1972 capitulari
415 1891 446 1951 in
478 1891 550 1952 loco
583 1890 749 1952 cuiusdam
782 1890 898 1952 domus
921 1890 1145 1972 praebendalis
1168 1890 1317 1952 ruinosae
1342 1893 1416 1954 satis
1440 1893 1479 1954 ad

214 2015 364 2078 praesens
396 2008 426 2056 et
450 2016 550 2078 prope
575 1996 729 2059 deciduae
755 2017 791 2058 ex
816 1995 1026 2057 fundamento
1051 1996 1176 2077 erigire,
1200 1996 1259 2058 hac
1283 1998 1479 2079 conditione,

215 2116 249 2164 ut
279 2102 309 2163 in
343 2122 379 2163 ea
416 2102 572 2180 sacerdos,
608 2122 664 2184 per
695 2102 761 2163 Vos
793 2115 946 2183 tanquam
979 2115 1141 2183 patronos,
1172 2103 1334 2184 perpetuis
1365 2101 1480 2166 futuris

213 2208 412 2291 temporibus
443 2208 589 2289 eligatur,
621 2208 675 2289 qui
712 2208 800 2268 salvo
837 2205 944 2269 officio
980 2208 1234 2290 praebendariali
1271 2229 1328 2291 per
1362 2230 1395 2271 se
1428 2211 1478 2271 vel

214 2314 349 2376 alterum
374 2315 405 2376 in
432 2313 530 2375 choro
554 2313 763 2392 absolvendo,
787 2327 932 2375 teneatur
957 2314 1042 2396 apud
1066 2334 1151 2376 aram
1177 2335 1201 2376 s.
1227 2315 1403 2394 Michaelis,
1428 2317 1478 2378 cui

215 2418 299 2480 idern
339 2420 500 2481 Antonius
539 2419 674 2480 eandem
713 2419 945 2481 annectendam
987 2440 1054 2481 esse
1088 2420 1229 2500 dederat,
1263 2419 1479 2483 confessiones

214 2525 347 2607 singulis
378 2525 492 2587 diebus
519 2526 641 2604 audire,
665 2527 732 2588 Nos
760 2527 984 2588 constituimus
1006 2540 1036 2587 et
1060 2527 1125 2588 Vos
1149 2527 1195 2588 illi
1221 2527 1335 2589 favete.
1361 2529 1478 2590 Datum

215 2632 245 2692 in
277 2651 348 2693 arce
380 2631 556 2694 chasmensi
589 2631 666 2694 feria
690 2647 801 2714 quarta
825 2647 896 2714 post
920 2634 1173 2715 septuagesimae
1203 2655 1314 2713 1510.‹
1340 2670 1382 2678 -
1408 2633 1478 2696 Hoc

214 2736 332 2799 factum
357 2739 446 2821 pium
471 2739 675 2801 commendat
692 2740 867 2822 plurimum
885 2739 1030 2800 Thomas
1054 2753 1084 2799 et
1104 2758 1211 2800 coram
1229 2759 1268 2800 eo
1285 2738 1479 2802 confessario

214 2844 265 2904 vel
289 2843 358 2924 ejus
381 2844 548 2927 capellano
581 2844 806 2907 confitentibus
838 2865 897 2927 pro
925 2844 1068 2925 qualibet
1096 2844 1164 2905 vice
1189 2844 1242 2906 dat
1271 2867 1329 2907 100
1353 2844 1478 2907 dierum

214 2949 459 3031 indulgentiam.

318 3090 486 3145 Marcetovie.
505 3092 630 3158 Regesta,
650 3099 784 3158 utsupra.

818 3340 881 3405 89.

319 3501 392 3551 Auno
414 3500 488 3563 1511,
511 3501 551 3550 16.
571 3497 672 3563 aprilis.
693 3498 779 3552 Crieii.

218 3645 398 3702 Universitas
427 3645 636 3717 regnicolarum
668 3644 754 3715 regni
780 3641 952 3700 Sclaooaiae
982 3644 1199 3714 congregatione
1228 3643 1362 3714 generali
1392 3641 1482 3699 Crr'sir‘

195 3751 312 3835 ‘aabr'ta
336 3758 458 3809 testatur
479 3748 634 3825 capitulum
657 3749 843 3823 zagrabiense
860 3748 1025 3822 antiquitus
1041 3748 1215 3822 facultatem
1227 3749 1296 3822 sori
1309 3749 1339 3804 ia
1357 3748 1482 3819 capr'tuli

671 3874 743 3913 area
765 3856 865 3912 utendi
885 3854 1024 3916 habuisse.

318 3995 384 4054 Nos
416 3995 603 4055 universitas
627 3994 863 4075 regnicolarum
887 3993 976 4074 regni
1002 3992 1184 4053 Sclauonie.
1209 3991 1365 4053 Memorie
1390 4009 1477 4052 com-

213 4099 414 4177 mendamus,
449 4099 537 4181 quod
576 4100 670 4161 nobis
709 4100 741 4160 in
781 4099 919 4182 presenti
959 4097 1037 4159 feria
1076 4109 1188 4178 quarta
1227 4097 1372 4179 proxima
1408 4110 1479 4177 post

145 4253 147 4257 a
214 4206 410 4269 dominicam
436 4207 727 4288 Ramispalmarum
752 4207 784 4267 in
810 4206 1062 4288 congregacione
1088 4216 1193 4265 nostra
1218 4203 1359 4284 generali
1384 4202 1478 4263 nobis

214 4313 434 4374 universaliter
458 4313 586 4391 indicta,
612 4312 663 4373 hic
688 4313 782 4374 Crisii
808 4313 976 4391 celebrata,
1003 4312 1181 4372 constitutis
1205 4323 1236 4371 et
1260 4309 1477 4387 existentibus,

213 4419 412 4481 venerabiles
451 4419 575 4480 domini
608 4419 758 4479 Albertus
793 4419 973 4500 prepositus
1006 4418 1108 4478 maior
1142 4431 1173 4478 et
1209 4415 1354 4476 Andreas
1390 4433 1476 4475 sacre

213 4524 376 4606 theologie
408 4545 443 4586 ac
476 4525 596 4586 arcium
629 4523 811 4585 liberalium
843 4522 965 4601 doctor,
990 4523 1136 4584 similiter
1159 4520 1339 4605 prepositus
1363 4519 1476 4597 maior,

213 4645 244 4692 et
268 4631 418 4713 magister
450 4630 596 4693 Matheus
621 4628 798 4711 Drobythel
814 4628 870 4690 ·de
895 4628 1108 4710 Bedennycza
1137 4628 1246 4703 lector,
1271 4638 1301 4686 et
1331 4622 1476 4685 canonici

213 4737 345 4799 ecclesie
378 4736 603 4818 zagrabiensis,
628 4735 659 4796 in
690 4754 802 4796 eorum
834 4753 870 4795 ac
894 4734 997 4795 tocius
1020 4733 1152 4814 capituli
1176 4730 1321 4793 eiusdem
1344 4727 1476 4789 ecclesie

213 4844 427 4926 zagrabiensis
450 4842 636 4905 nominibus
661 4855 691 4903 et
714 4840 746 4902 in
770 4839 925 4922 personis,
949 4839 1149 4921 presentibus
1172 4836 1293 4899 ibidem
1318 4847 1348 4896 et
1368 4852 1476 4915 perso·
