3472 5242
660 327 731 389 Doc.
756 325 807 388 60.
835 361 873 370 -
903 328 959 385 An.
986 321 1078 403 1508.

238 434 304 439 -..
368 433 456 439 -,.
472 434 537 438 -—-
573 434 674 439 ——
694 435 701 439 ..
723 435 792 439 -..
865 435 946 440 .--.,.
960 435 1008 439 --—
1041 433 1111 439 ·—-—
1125 434 1500 441 -——-.-.-———--—--

236 553 350 614 nostris
374 552 552 634 magnificis
577 552 720 633 Georgio
739 553 778 613 de
800 554 928 635 Kanysa
950 568 981 615 et
997 553 1135 615 lohanni
1154 555 1321 616 Ernevvsth
1338 555 1378 617 de
1395 556 1501 618 Chal-

235 659 369 741 thornya
395 659 614 738 contullimus,
631 659 781 741 ipsosque
806 659 838 719 in
863 660 964 720 banos
987 674 1113 721 nostros
1136 660 1330 739 suffecimus,
1347 661 1385 722 ad
1411 663 1502 724 cuius

236 766 484 847 occupacionem
519 764 658 826 eundem
684 764 862 846 Georgium
888 766 1029 848 Kenisay
1053 786 1127 828 cum
1150 765 1502 848 plenainlormacione

236 885 267 934 et
298 871 447 932 facultate
481 886 599 948 nostra,
632 871 689 932 illo
722 872 784 932 iam
819 872 920 932 eciam
954 872 1117 948 misimus;
1150 872 1268 933 idcirco
1297 873 1448 934 volumus
1471 888 1502 935 et

236 977 380 1039 fidelitati
415 991 515 1038 vestre
545 976 656 1037 harum
682 977 761 1038 serie
786 976 965 1037 firmissime
991 978 1222 1039 committimus
1245 992 1276 1039 et
1300 978 1501 1058 mandamus,

236 1098 394 1166 quatenus
427 1084 545 1144 amodo
581 1083 621 1143 ad
655 1083 785 1144 eosdem
818 1083 918 1144 banos
950 1098 1074 1145 nostros
1106 1085 1280 1162 attendere,
1305 1084 1445 1166 ipsisque
1468 1085 1502 1147 in

235 1190 386 1251 omnibus
411 1188 506 1250 licitis
530 1203 561 1250 et
585 1188 743 1249 consvetis
767 1208 877 1270 parere
901 1208 1027 1271 semper
1051 1203 1082 1250 et
1102 1191 1323 1272 obtemperare
1357 1205 1388 1252 et
1416 1211 1501 1269 casu,

236 1315 301 1375 quo
326 1295 392 1376 ipse
417 1293 562 1355 Andreas
586 1293 669 1355 Both
695 1295 846 1355 banatum
872 1294 977 1376 ipsum
1001 1295 1107 1356 eidem
1132 1294 1275 1376 Georgio
1292 1295 1332 1357 de
1348 1296 1501 1357 mandato

236 1414 267 1462 et
286 1401 512 1461 commissione
537 1413 654 1478 nostra,
679 1414 709 1461 et
733 1413 827 1481 prout
851 1399 901 1461 hic
926 1419 1032 1461 coram
1058 1400 1151 1461 nobis
1176 1399 1236 1461 lide
1261 1421 1315 1462 sua
1340 1401 1501 1463 mediante

235 1527 267 1568 se
301 1506 440 1582 obtullit,
465 1506 577 1566 cedere
602 1519 632 1566 et
656 1505 825 1583 remittere,
850 1506 1075 1586 resignareque
1108 1506 1219 1585 nollet,
1243 1527 1280 1566 ex
1304 1521 1379 1568 tunc
1403 1526 1501 1588 penes

236 1613 340 1695 ipsum
365 1612 464 1672 veluti
481 1611 675 1692 legittimum
694 1613 813 1673 banum
830 1626 969 1673 vestrum
988 1611 1073 1673 iuxta
1091 1611 1235 1673 eiusdem
1252 1611 1500 1692 requisicionem
1522 1603 1527 1613 ’

235 1717 456 1780 universaliter
495 1718 669 1797 insurgere,
709 1717 835 1798 sibique
874 1718 907 1778 in
945 1717 1128 1778 huiusmodi
1169 1718 1384 1799 occupatione
1424 1716 1500 1778 dicti

235 1827 370 1887 banatus
394 1824 483 1886 omni
508 1823 628 1884 auxilio
648 1835 679 1883 et
702 1823 907 1884 adiuvamine
924 1823 1045 1902 adesse,
1067 1825 1209 1885 assistere
1227 1824 1333 1884 modis
1349 1823 1501 1884 omnibus

235 1932 388 2010 debeatis,
413 1944 444 1992 et
460 1930 548 1991 aliud
571 1930 603 1991 in
621 1944 776 2010 quantum
794 1931 888 2012 capiti
906 1944 937 1991 et
954 1931 1047 1991 bonis
1063 1932 1174 1992 vestris
1190 1929 1357 1991 consulere
1375 1928 1500 2010 cupitis,

235 2037 338 2100 lacere
363 2036 451 2098 nulla
476 2037 603 2097 racione
627 2037 826 2117 presumatis.
861 2036 980 2097 Datum
1004 2037 1094 2098 Bude
1112 2037 1150 2113 jn
1176 2035 1256 2097 lesto
1281 2034 1501 2098 conversionis

236 2144 318 2207 beati
344 2141 434 2203 Pauli
459 2142 607 2224 apostoli.
631 2147 727 2203 Anno
752 2142 874 2203 domini
900 2142 1072 2204 millesimo
1098 2142 1357 2224 quingentesimo
1373 2155 1500 2203 octavo.

339 2266 370 2328 (Α
389 2265 485 2329 tergo).
506 2248 721 2309 Prudentibus
737 2260 768 2309 et
784 2248 1019 2330 circumspectis
1032 2248 1129 2327 judici
1147 2262 1178 2308 et
1194 2247 1313 2327 juratis,
1324 2247 1500 2326 ceterisque

235 2355 359 2416 civibus
382 2369 413 2414 et
435 2354 492 2415 toti
518 2353 742 2414 communitati
766 2354 902 2415 civitatis
917 2368 1024 2415 nostre
1043 2353 1334 2434 Montisgrecensis,
1351 2351 1500 2413 fidelibus

235 2461 329 2522 nobis
352 2460 486 2521 dilectis.

341 2599 478 2665 Originale
497 2600 522 2651 in
542 2601 640 2650 charla.
665 2601 686 2649 Α
705 2605 783 2663 tergo
802 2600 958 2664 impressum
975 2605 1020 2650 est
1040 2600 1155 2665 sigillum
1176 2600 1279 2681 maius!
1291 2600 1317 2650 ln
1336 2599 1434 2649 archiv.
1454 2599 1498 2650 lib.

235 2703 288 2752 reg.
309 2688 359 2742 civ.
379 2690 483 2752 zagrab.

831 2918 896 2983 60.

339 3060 413 3110 Anno
435 3060 509 3116 1508,
529 3059 570 3110 28.
591 3058 678 3109 martii
706 3057 803 3108 Budae.

232 3186 412 3244 Baltlrasare
434 3186 468 3242 dc
490 3186 577 3259 Alap,
602 3186 751 3259 capitaneo
769 3185 897 3257 gentium
921 3184 990 3239 leuis
1014 3190 1183 3239 (tractaturus
1205 3183 1235 3238 in
1265 3182 1395 3256 chauria,
1418 3200 1499 3240 accu-

232 3300 325 3362 sante,
349 3292 514 3348 Vladr'slaus
537 3310 592 3349 rex
615 3291 720 3360 hucac,
743 3292 868 3364 epsicopo
882 3287 1074 3363 zagrabicnsr‘,
1087 3287 1242 3361 praecipit,
1260 3296 1294 3345 ut
1308 3287 1497 3361 Stephanum,

232 3399 399 3455 canonicum
430 3399 569 3468 lectorem,
590 3405 688 3470 poena
720 3396 842 3471 afficiat,
869 3396 941 3469 quia
971 3394 1169 3452 documentum
1192 3391 1337 3468 fassrom's
1372 3393 1496 3468 ejusdcm

595 3475 786 3559 ¹Boltlursaris
809 3502 842 3558 dc
864 3502 942 3573 Alap
965 3500 1146 3572 depravavit.

340 3640 538 3702 Wladislaus
569 3641 620 3701 dei
655 3640 760 3721 gracia
794 3660 846 3699 rex
880 3639 1044 3720 Hungarie
1069 3652 1100 3699 et
1123 3637 1277 3699 Bohemie
1301 3651 1360 3699 etc.
1393 3637 1497 3699 Fideli

235 3760 343 3808 nostro
368 3746 542 3806 reverendo
576 3746 608 3806 in
634 3744 762 3806 Christo
787 3745 878 3827 patri,
903 3744 1036 3804 domino
1062 3745 1158 3821 Luce,
1187 3744 1339 3825 episcopo
1364 3743 1496 3804 ecclesie

235 3851 459 3932 zagrabiensis,
482 3851 617 3912 salutem
642 3864 672 3911 et
694 3851 845 3931 graciam.
879 3848 1025 3910 Graviter
1049 3850 1256 3930 conqueritur
1279 3848 1372 3910 nobis
1395 3848 1498 3909 fidelis

235 3970 342 4017 noster
373 3955 520 4036 egregius
550 3954 715 4017 Balthasar
744 3954 782 4015 de
817 3954 910 4035 Alap,
935 3953 1119 4035 capitaneus
1141 3955 1292 4034 gencium
1316 3967 1497 4016 nostrarum

234 4062 314 4124 levis
337 4074 496 4123 armature
521 4061 553 4121 in
581 4060 726 4138 Croacia,
744 4059 832 4140 quod
857 4060 1002 4140 quamvis
1023 4060 1089 4140 ipse
1107 4059 1336 4142 hocsuperiori
1352 4074 1496 4142 tempore

235 4167 327 4228 certis
349 4180 380 4228 et
403 4165 619 4227 racionalibus
642 4186 679 4225 ex
703 4165 806 4226 causis
826 4165 988 4244 quandam
1006 4163 1177 4225 tassionem
1195 4165 1234 4226 de
1255 4179 1286 4226 et
1303 4185 1397 4247 super
1414 4179 1497 4227 certa

235 4286 322 4354 parte
359 4272 571 4353 quarumdam
610 4271 848 4353 possessionum
881 4289 1010 4332 suarum
1044 4270 1076 4331 in
1110 4271 1263 4331 comitatu
1298 4271 1497 4350 zagrabiensi

234 4377 425 4454 habitarum,
442 4376 570 4438 cuidam
587 4376 724 4438 lohanni
742 4363 885 4458 Poseg'ay
909 4396 1017 4437 coram
1034 4375 1216 4436 honorabili
1233 4377 1371 4438 condam
1388 4376 1495 4438 Blasio

235 4482 274 4542 de
298 4482 454 4558 Dombro,
472 4480 697 4543 archidiacono
722 4496 752 4544 et
778 4482 932 4543 canonico
958 4482 1100 4542 eiusdem
1126 4481 1257 4543 ecclesie
1282 4482 1497 4562 zagrabiensis

236 4585 355 4664 lecerit,
387 4587 518 4668 ipseque
550 4587 687 4649 condam
721 4588 845 4649 Blasius
876 4588 990 4649 seriem
1019 4587 1204 4648 huiusmodi
1229 4585 1376 4648 lassionis
1399 4607 1497 4649 manu

235 4712 292 4752 sua
317 4693 444 4774 propria
468 4693 720 4775 consignaverit;
739 4707 846 4754 tamen
871 4706 981 4775 expost
1001 4693 1134 4773 quidam
1149 4694 1301 4774 magister
1317 4692 1497 4774 Stephanus

236 4797 335 4857 lector
355 4811 386 4858 et
407 4798 578 4861 canonicus
595 4798 683 4860 illius
698 4798 830 4861 ecclesie
848 4811 949 4862 vestre
967 4798 1142 4878 excogitata
1159 4797 1300 4879 quadam
1317 4797 1497 4883 dolositatis
