3472 5242
253 348 311 406 ¹50
667 327 742 384 Dec.
765 339 833 402 ¹23·
858 358 897 368 —
922 326 978 383 An.
1002 321 1091 399 1516.

477 429 1505 438 -———-—--——0——-—-——-——-—-—-——-—.

247 552 405 613 decanum
429 566 460 612 ct
482 551 731 634 prebendarium
755 551 843 612 chori
866 552 997 614 ecclesie
1019 565 1124 614 nostre
1142 553 1355 633 zagrabiensis
1372 553 1511 634 predicte

247 672 412 738 totamque
447 657 711 720 communitatem
746 677 801 718 seu
838 658 1011 739 collegium
1046 657 1331 741 prebendariorum
1368 657 1511 718 eiusdem

248 764 380 825 ecclesie
411 763 510 825 veluti
545 763 577 825 in
612 783 740 825 causam
773 777 921 826 attractos
956 778 987 826 et
1017 764 1124 825 minus
1155 763 1347 846 principales
1378 765 1417 824 ab
1450 763 1511 824 alia

247 870 401 952 partibus,
425 868 465 930 de
489 883 520 931 et
542 889 638 951 super
668 869 811 950 quodam
835 871 951 932 balneo
974 890 1072 953 penes
1100 869 1235 931 fluvium
1259 869 1510 952 Medwednycza

248 988 396 1037 vocatum
421 995 457 1035 ex
482 976 632 1057 opposito
657 975 823 1036 cuiusdam
846 976 1027 1038 molendini
1044 977 1084 1037 ad
1102 976 1220 1037 dictam
1237 975 1403 1037 ecclesiam
1421 977 1511 1036 beate

249 1081 380 1162 virginis
414 1081 595 1162 spectantis,
628 1081 659 1141 in
696 1080 825 1163 dyocesi
861 1095 892 1143 et
927 1083 1080 1143 comitatu
1115 1071 1313 1163 zagrabiensi
1349 1081 1512 1160 existente,

249 1186 459 1268 eiusdemque
492 1187 692 1268 possessione
725 1199 833 1247 contra
859 1188 1032 1269 prelibatos
1056 1187 1247 1270 Dyonisium
1273 1187 1441 1266 decanum,
1465 1201 1511 1248 to-

248 1308 378 1374 tamque
410 1293 673 1354 communitatem
705 1307 736 1354 et
768 1292 940 1373 collegium
972 1293 1259 1376 prebendariorum
1288 1313 1395 1354 coram
1420 1294 1513 1355 nobis

249 1399 460 1461 deductorum
497 1398 628 1459 materia
663 1398 857 1479 questionis;
884 1399 938 1460 lite
975 1399 1070 1480 igitur
1105 1419 1211 1461 coram
1248 1400 1340 1461 nobis
1372 1400 1513 1482 capitulo

249 1505 398 1568 videlicet
429 1504 524 1566 huius
556 1505 640 1566 alme
671 1505 803 1566 ecclesie
838 1505 1052 1585 zagrabiensis
1083 1504 1242 1586 judicibus
1275 1505 1444 1566 ordinariis
1475 1526 1512 1566 ex

248 1613 427 1695 juramento
460 1611 603 1693 parcium
635 1611 767 1693 prestito
802 1610 956 1691 legittime
986 1623 1170 1690 contestata,
1194 1611 1317 1689 litteris,
1341 1611 1513 1693 scripturis,

247 1718 583 1800 juribus,litteralibus
604 1717 822 1778 instrumentis
838 1736 874 1778 ac
898 1717 1116 1790 monumentis
1140 1717 1213 1778 hinc
1239 1717 1313 1779 inde
1338 1738 1394 1800 per
1407 1732 1512 1800 partes

248 1823 412 1907 productis
442 1837 473 1885 et
501 1823 660 1901 exhibitis,
683 1823 813 1884 tandem
845 1822 1038 1884 renunciatis
1068 1842 1125 1904 per
1149 1822 1278 1884 easdem
1301 1836 1406 1905 partes
1439 1823 1513 1884 hinc

249 1930 323 1991 inde
349 1930 554 1991 ulterioribus
585 1929 858 2011 produccionibus
881 1941 912 1989 et
939 1928 1205 1989 altercacionibus
1229 1929 1261 1989 in
1286 1948 1379 1990 causa
1404 1929 1513 1990 huius-

249 2036 338 2097 modi
362 2056 419 2118 per
439 2035 542 2097 dictas
566 2048 670 2117 partes
702 2033 851 2096 concludi
875 2048 1019 2115 petentes
1049 2034 1266 2095 conclusimus
1290 2048 1319 2096 et
1343 2034 1514 2096 habuimus

248 2161 306 2224 pro
330 2141 493 2202 concluso.
517 2142 585 2201 Nos
608 2141 704 2221 igitur
727 2140 803 2200 visis
824 2154 855 2201 et
872 2139 988 2200 auditis
1005 2139 1174 2220 diligenter
1191 2139 1323 2221 juribus,
1341 2141 1513 2223 scripturis,

249 2248 361 2310 litteris
377 2260 407 2309 et
423 2247 613 2309 litteralibus
626 2247 854 2324 instrumentis,
867 2247 1181 2328 probacionibusque
1195 2260 1226 2308 et
1238 2247 1357 2308 mutuis
1371 2247 1513 2329 parcium

249 2353 501 2434 allegacionibus
525 2366 555 2414 et
579 2352 762 2413 racionibus
786 2352 921 2433 cognitis
944 2365 974 2413 et
997 2352 1193 2433 investigatis
1209 2352 1248 2412 ad
1266 2353 1398 2435 plenum
1416 2353 1514 2435 ipsius

249 2480 342 2521 cause
365 2459 487 2520 meritis
509 2458 655 2540 diligenti
681 2458 918 2519 deliberacione
950 2458 1115 2540 prehabita
1140 2459 1270 2520 servatis
1295 2459 1335 2520 de
1359 2458 1427 2540 jure
1451 2478 1513 2519 ser-

249 2566 315 2626 vari
341 2565 544 2643 debentibus,
568 2564 754 2626 huiusmodi
789 2565 896 2644 itaque
921 2578 951 2625 et
975 2564 1045 2624 aliis
1079 2565 1327 2626 racionabilibus
1352 2585 1388 2626 ex
1406 2566 1515 2626 causis

249 2673 394 2734 animum
407 2686 550 2733 nostrum
573 2672 613 2733 ad
631 2672 662 2732 id
680 2672 894 2749 moventibus,
911 2673 1001 2749 moti,
1018 2671 1139 2733 inducti
1157 2686 1187 2733 et
1205 2671 1378 2751 informati,
1396 2672 1514 2734 Christi

250 2779 381 2840 nomine
405 2779 564 2856 invocato,
579 2779 721 2860 partibus
746 2791 874 2860 propter
899 2777 959 2838 hoc
984 2778 1015 2838 in
1033 2791 1139 2838 nostra
1157 2779 1318 2860 presencia
1336 2779 1515 2840 constitutis

250 2899 281 2946 et
304 2883 400 2945 finem
425 2886 470 2945 rei
494 2898 524 2945 et
548 2904 641 2946 cause
658 2885 794 2966 imponi,
813 2884 1073 2963 sententiamque
1096 2882 1298 2945 diffinitivam
1317 2883 1389 2945 ferri
1406 2897 1514 2966 postu-

250 2991 400 3069 lantibus,
426 3010 484 3072 pro
517 2989 668 3051 tribunali
701 2989 858 3067 sedentes,
882 2989 979 3051 deum
1008 3003 1038 3050 et
1062 2990 1130 3050 eius
1152 2989 1309 3071 justiciam
1334 3011 1389 3073 pre
1413 2991 1516 3052 oculis

251 3096 414 3176 habentes,
447 3116 503 3177 per
527 3096 608 3156 hanc
639 3109 780 3157 nostram
808 3095 1001 3156 sentenciam
1027 3094 1229 3157 diffinitivam
1253 3096 1283 3157 in
1310 3096 1370 3157 hiis
1392 3098 1516 3179 scriptis

249 3202 511 3285 pronunciamus,
536 3201 738 3262 decernimus
763 3214 793 3262 et
817 3201 1035 3262 declaramus:
1063 3200 1219 3262 Balneum
1245 3201 1419 3282 litigiosum
1446 3222 1515 3285 pre-

250 3309 370 3369 dictum
396 3328 452 3389 per
476 3321 645 3369 annotatos
670 3308 864 3390 Dyonisium
888 3307 1043 3368 decanum
1069 3320 1234 3388 totamque
1251 3309 1513 3370 communitatem

249 3433 305 3474 seu
328 3414 501 3495 collegium
527 3413 813 3496 prebendariorum
837 3414 920 3474 dicte
945 3412 1077 3474 ecclesie
1101 3414 1315 3494 zagrabiensis
1339 3414 1467 3496 pacifice
1485 3430 1516 3477 et

250 3519 357 3601 quiete
380 3533 476 3601 prout
499 3533 529 3580 et
553 3519 705 3581 hactenus
728 3539 745 3580 a
769 3533 913 3601 tempore
938 3519 1028 3580 cuius
1052 3519 1138 3581 inicii
1167 3521 1321 3581 memoria
1346 3521 1513 3582 hominum

250 3645 315 3687 non
347 3624 461 3702 existit,
485 3638 603 3701 tenere,
626 3624 753 3702 habere,
779 3624 952 3705 possidere,
977 3644 1080 3706 eoque
1113 3626 1157 3687 uti
1192 3639 1223 3687 et
1247 3625 1307 3686 frui
1332 3647 1424 3708 posse
1450 3647 1514 3688 non

250 3732 395 3791 obstante
434 3730 667 3792 reclamacione
705 3729 852 3811 prelibati
890 3731 1043 3792 Demetrii
1080 3732 1244 3813 prepositi,
1279 3734 1338 3793 sub
1374 3733 1515 3794 articulis

249 3849 367 3912 tamen,
391 3834 711 3914 condicionibusque,
735 3834 896 3913 clausulis,
921 3836 1046 3916 punctis
1079 3850 1109 3898 et
1142 3838 1372 3918 legacionibus,
1398 3839 1515 3918 quibus

250 3938 466 4000 mediantibus
501 3939 692 3999 venerabilis
724 3939 860 4000 condam
892 3941 1119 4021 Wynnandus,
1150 3943 1272 4004 ordinis
1296 3943 1516 4005 Cisterciensis

250 4044 349 4105 abbas
379 4057 454 4104 tunc
485 4044 668 4104 monasterii
704 4043 786 4104 dicte
819 4044 950 4106 ecclesie
975 4047 1064 4108 beate
1090 4048 1222 4129 virginis
1246 4048 1285 4109 de
1310 4069 1381 4110 area
1407 4064 1512 4112 nostra

249 4148 414 4229 capitulari
447 4149 643 4227 zagrabiensi
676 4169 749 4210 cum
781 4164 849 4211 toto
881 4167 1040 4214 conventu
1065 4153 1127 4215 loci
1152 4155 1307 4232 eiusdem,
1332 4154 1513 4217 honorabili

250 4252 388 4314 condam
421 4253 521 4313 Paulo
545 4252 770 4315 archidiacono
794 4257 988 4318 kamarcensi
1014 4272 1045 4319 et
1069 4260 1223 4321 canonico
1248 4261 1346 4342 ipsius
1381 4261 1512 4323 ecclesie

251 4372 356 4418 nostre
373 4358 586 4438 zagrabiensis
603 4373 633 4420 et
646 4358 794 4422 fratribus
810 4363 875 4423 suis
890 4365 1126 4444 possessionem
1144 4367 1242 4447 ipsius
1260 4367 1366 4427 balnei
1383 4367 1513 4448 litigiosi

251 4476 283 4524 et
307 4482 371 4522 non
396 4463 621 4544 proprietatem
646 4484 719 4525 cum
744 4467 832 4527 omni
857 4469 1021 4549 potestatis
1046 4469 1179 4531 dacione
1198 4471 1369 4550 vendendi,
1386 4472 1514 4553 legandi

250 4578 305 4628 aut
326 4586 383 4648 pro
407 4587 439 4629 se
463 4569 593 4630 tenendi
617 4582 648 4631 et
671 4572 878 4633 conservandi
914 4573 946 4633 in
971 4572 1103 4636 feudum
1128 4575 1272 4655 dederat,
1296 4577 1458 4639 locaverat
1483 4593 1514 4641 et

252 4670 439 4749 contulerat,
473 4674 561 4753 quod
592 4675 741 4737 videlicet
779 4696 837 4759 pro
867 4698 963 4739 censu
993 4699 1101 4741 annuo
1125 4681 1224 4763 ipsius
1249 4682 1356 4744 balnei
1381 4683 1513 4764 litigiosi

254 4787 390 4854 quatuor
420 4796 533 4858 pensas
564 4780 771 4842 denariorum
795 4796 923 4845 monete
947 4804 1006 4866 pro
1029 4798 1174 4868 tempore
1198 4788 1351 4850 currentis
1376 4789 1408 4850 in
1433 4787 1514 4853 festo
