3472 5242
232 361 296 422 214
650 346 725 407 Doc.
749 340 821 420 169.
849 378 886 390 -
909 346 966 407 An.
989 357 1077 420 1521.

234 571 343 633 venire
376 585 556 650 rennueret,
579 591 655 634 mox
686 591 704 633 a
735 571 995 635 confraternitate
1026 586 1057 634 et
1085 573 1246 635 consortio
1276 574 1501 655 magistrorum

232 675 379 738 exclusus
411 677 567 739 habeatur
589 677 725 756 tamdiu,
758 678 861 739 donec
893 677 979 739 idem
1015 698 1047 739 se
1075 677 1239 740 uoluntati
1274 680 1501 760 magistrorum

232 780 376 844 effective
401 781 602 845 conformare
625 782 762 862 studeat,
778 797 809 846 et
823 803 882 866 pro
898 783 1062 846 talismodi
1080 784 1146 845 suis
1162 785 1342 847 excessibus
1357 785 1498 848 debitam

233 906 475 970 recompensam
500 888 676 971 impendat.

340 1010 539 1074 Undecimus
574 1011 736 1074 articulus.
772 1011 870 1086 Quod
907 1013 983 1095 ipsis
1014 1012 1175 1094 magistris
1207 1012 1240 1074 in
1273 1014 1370 1096 plena
1405 1013 1501 1075 czeha

233 1117 330 1179 simul
355 1117 555 1197 congregatis
578 1131 610 1178 et
634 1118 823 1197 constitutis,
846 1117 924 1179 dum
949 1118 1066 1201 aliquis
1089 1138 1128 1180 ex
1145 1118 1222 1201 ipsis
1238 1130 1348 1180 contra
1365 1118 1500 1181 alterurn

234 1221 422 1303 magistrum
446 1223 543 1284 verba
575 1223 807 1285 contumeliosa
842 1224 908 1284 sive
940 1222 1199 1285 dehonestatoria
1230 1223 1372 1305 proferre
1406 1243 1502 1286 ausus

235 1328 340 1407 fuerit,
364 1326 437 1389 talis
472 1341 586 1409 quator
620 1348 743 1391 marcas
778 1348 848 1391 cere
882 1330 1043 1412 persolvat
1073 1330 1206 1408 tociens,
1240 1330 1394 1412 quociens
1425 1330 1501 1392 talia

235 1433 332 1494 verba
369 1431 536 1495 inhonesta
558 1434 764 1513 reiteraverit,
788 1435 942 1517 premissa
965 1455 1048 1517 pena
1078 1436 1138 1496 sibi
1170 1454 1296 1517 semper
1330 1434 1502 1516 infligatur,

236 1552 267 1600 et
291 1539 345 1599 ille
381 1539 478 1600 talem
508 1558 625 1621 penam
661 1559 737 1601 mox
769 1540 837 1601 sine
869 1559 979 1602 recusa
1014 1540 1046 1602 in
1071 1554 1243 1629 conspectu
1279 1540 1503 1622 magistrorum

238 1644 422 1727 persolvere
446 1644 577 1706 debebit
601 1660 632 1706 et
655 1645 825 1708 tenebitur.

343 1767 562 1829 Duodecimus
585 1768 747 1830 articulus.
784 1769 881 1842 Quod
906 1788 980 1830 cum
1004 1769 1146 1849 magistri
1172 1768 1342 1830 czeharum
1368 1789 1424 1850 per
1446 1768 1503 1830 do·

237 1873 361 1935 imnum
386 1870 526 1954 judicem
544 1887 575 1934 et
591 1874 794 1936 consulatum
809 1887 939 1957 propter
952 1875 1086 1956 negocia
1100 1875 1261 1936 civitatem
1278 1874 1503 1935 concernentia

238 1979 341 2040 vocati
366 1977 484 2039 fuerint
516 1991 552 2040 ut
574 1979 814 2041 universitatem
838 1979 1065 2060 magistrorum
1089 1979 1220 2041 insimul
1257 1980 1426 2041 convocari
1459 1979 1503 2040 f-

238 2097 356 2164 cerent,
379 2085 440 2166 ipsi
464 2104 595 2167 quoque
613 2085 754 2167 magistri
772 2086 942 2147 czeharum
965 2085 1246 2148 commissionibus
1264 2086 1363 2167 ipsius
1381 2086 1504 2147 domini

238 2189 353 2270 judicis
376 2189 530 2273 parendo,
554 2210 682 2252 causam
707 2190 842 2253 eandem
868 2192 1028 2272 magistris
1051 2212 1109 2252 suo
1134 2191 1233 2252 modo
1251 2190 1504 2268 notificaverint;

240 2295 437 2378 quicumque
463 2315 500 2356 ex
524 2296 646 2357 eisdem
670 2296 828 2377 magistris
852 2297 1049 2378 jussionibus
1073 2297 1298 2378 magistrorum
1327 2296 1422 2358 czehe
1440 2317 1505 2358 non

239 2404 475 2483 obtemperaret
498 2422 530 2462 se
555 2401 765 2481 absentando,
781 2401 854 2463 talis
878 2403 910 2464 in
934 2422 1000 2464 uno
1017 2402 1141 2465 floreno
1162 2402 1202 2464 ad
1219 2402 1379 2484 prefatum
1407 2404 1505 2464 altare

240 2507 493 2568 convertendum
518 2507 745 2569 convictus·sit
768 2527 807 2569 eo
832 2506 926 2570 facto.

346 2629 558 2692 Tredecimus
582 2631 744 2693 articulus.
771 2631 869 2704 Quod
894 2645 1022 2693 mortuo
1047 2632 1157 2712 aliquo
1181 2632 1335 2712 magistro
1359 2632 1410 2692 vel
1430 2651 1506 2692 con·

241 2750 324 2797 sorte
349 2736 459 2818 ipsius,
482 2737 627 2817 singulus
651 2737 878 2818 magistrorum
903 2756 976 2798 cum
1000 2756 1057 2798 sua
1081 2750 1228 2798 consorte
1245 2757 1281 2798 ac
1298 2756 1411 2798 omnes
1427 2736 1505 2798 socii

242 2843 281 2905 ad
306 2841 528 2925 sepeliendum
552 2843 615 2904 tale
640 2840 736 2903 funus
761 2842 972 2924 personaliter
996 2843 1147 2904 interesse
1171 2843 1327 2919 debeant3
1359 2861 1425 2924 quo
1458 2841 1472 2902 l
1495 2876 1507 2887 ·

242 2969 316 3010 nere
340 2948 477 3030 sepulto,
502 2948 561 3029 ipsi
586 2948 750 3010 dumtaxat
774 2948 915 3030 magistri
949 2969 1005 3030 per
1036 2947 1199 3029 singulum
1232 2967 1333 3009 unum
1365 2947 1506 3008 solidum

242 3055 283 3116 ad
306 3054 448 3138 pixidem
472 3056 649 3136 imponant.
683 3055 777 3116 Circa
812 3055 936 3115 obitum
972 3068 1079 3116 autem
1116 3055 1249 3116 alicuius
1283 3055 1373 3132 socii,
1408 3054 1506 3116 iidem

243 3182 355 3224 omnes
379 3162 524 3223 similiter
548 3162 690 3243 magistri
723 3182 778 3243 per
807 3181 908 3223 unum
932 3161 1074 3222 solidum
1105 3162 1280 3222 exsolvant.
1313 3161 1399 3222 Dum
1431 3180 1507 3222 vero

243 3269 328 3331 filius
351 3268 403 3330 vel
426 3268 491 3330 filia
515 3269 651 3330 alicuius
675 3268 816 3349 magistri
840 3267 985 3342 moritur,
1008 3279 1125 3328 eotunc
1152 3267 1278 3348 sepulto
1303 3267 1361 3327 illo
1386 3265 1508 3345 sunere,

243 3377 378 3459 quilibet
401 3376 632 3456 magistrorum·
650 3393 751 3435 unum
775 3373 919 3434 medium
943 3372 1084 3434 solidum
1101 3372 1142 3433 ad
1171 3372 1312 3453 pixidem
1337 3373 1506 3453 persolvat.

351 3500 492 3573 Quartus
516 3498 660 3560 decimus
683 3498 844 3559 articulus.
867 3496 965 3570 Quod
989 3496 1098 3558 nullus
1123 3497 1348 3577 magistrorum
1366 3496 1508 3576 aliquem

244 3606 401 3668 famulum
426 3622 664 3685 quamcumque
689 3603 806 3665 malam
831 3602 948 3664 famam
973 3601 1155 3681 habentem,
1180 3614 1235 3663 aut
1258 3602 1314 3682 qui
1338 3599 1507 3663 artificium

245 3715 367 3792 integre
390 3723 421 3771 et
445 3729 518 3771 cum
541 3709 708 3791 diligentia
725 3730 790 3771 non
807 3709 990 3787 studuisset,
1006 3708 1045 3768 ad
1063 3708 1189 3769 labores
1207 3708 1365 3789 suscipere
1383 3706 1506 3768 debeat.

246 3818 452 3882 Contrarium
490 3815 609 3877 laciens
644 3797 755 3876 decem
791 3814 930 3876 fertones
966 3834 1036 3875 cere
1074 3814 1142 3874 sine
1177 3814 1285 3894 aliqua
1321 3813 1508 3873 remissione

246 3926 391 4000 exolvat;
416 3922 645 3984 nichilominus
668 3941 726 4002 pro
750 3920 913 3982 talismodi
937 3940 995 3981 suo
1028 3939 1157 3979 excessu
1181 3940 1198 3980 a
1231 3918 1508 3999 magistris‚omni

246 4051 319 4094 cum
344 4028 520 4091 reverentia
544 4041 575 4088 et
598 4027 777 4088 humilitate
802 4026 929 4087 veniam
953 4026 1122 4107 impetrare
1147 4024 1271 4085 debeat.

354 4153 494 4227 Quintus
527 4152 670 4212 decimus
702 4151 864 4212 articulus.
899 4148 997 4222 Quod
1032 4149 1109 4209 dum
1138 4148 1254 4229 aliquis
1284 4147 1509 4228 magistrorum

248 4261 389 4341 aliquem
415 4258 580 4319 hominem
605 4257 736 4319 alterius
759 4256 901 4337 magistri
919 4256 1045 4316 labores
1062 4274 1168 4315 emere
1182 4254 1344 4315 volentem
1362 4252 1402 4313 ad
1419 4271 1510 4312 suam

248 4366 410 4429 officinam
435 4366 517 4426 clam
549 4379 604 4426 aut
635 4364 801 4425 manifeste
837 4361 1034 4438 alliciaverit,
1068 4361 1139 4422 talis
1170 4360 1321 4440 magister
1354 4358 1510 4420 excedens

248 4473 398 4555 puniatur
421 4473 506 4533 iuxta
530 4491 624 4532 suum
649 4470 841 4531 demeritum
864 4482 895 4530 et
919 4468 1144 4549 magistrorum
1169 4466 1348 4529 arbitrium.

355 4595 468 4657 Sextus
492 4594 635 4656 decimus
658 4593 819 4655 articulus.
837 4591 934 4666 Quod
952 4591 1011 4673 ipsi
1028 4590 1169 4671 magistri
1188 4588 1307 4651 iactum
1325 4588 1508 4649 debitorum

249 4715 348 4764 artem
384 4699 573 4762 eorumdem
608 4699 814 4780 tangencium
838 4695 1064 4760 tantummodo
1100 4696 1264 4757 dumtaxat
1298 4692 1338 4755 ad
1372 4707 1510 4776 quatuor

250 4806 388 4870 florenos
412 4827 444 4867 se
468 4804 643 4869 extendens
667 4804 749 4866 inter
772 4824 806 4866 se
829 4802 970 4884 judicare
994 4803 1122 4863 valeant
1146 4814 1241 4883 atque
1265 4799 1399 4882 possint.
