3472 5242
234 476 292 482 ——
301 478 465 485 ——--.

231 600 430 662 condicionis
453 600 649 681 hominibus,
675 603 779 664 ubivis
803 622 859 685 per
882 624 980 685 regna
1005 619 1110 667 nostra
1129 606 1304 689 Hungarie,
1323 610 1495 673 Sclauonie

231 721 261 767 et
286 705 420 767 Croacie
444 708 562 769 tributa
583 708 785 786 habentibus,
809 711 992 774 tenentibus
1015 731 1071 772 seu
1096 713 1307 793 exigentibus,
1332 730 1495 797 presentes

231 812 354 891 visuris,
378 813 514 874 salutem
539 827 569 874 et
592 813 742 894 graciam,
767 814 853 876 Cum
876 814 986 878 fideles
1011 819 1109 878 nostri
1127 818 1299 899 prudentes
1315 834 1346 883 et
1361 822 1496 884 circum-

230 919 327 999 specti
353 918 458 998 judex,
471 917 576 998 jurati,
600 921 760 1001 ceterique
786 921 869 981 cives
894 935 924 982 et
948 922 1053 983 incole
1078 923 1213 985 civitatis
1238 939 1344 989 nostre
1362 928 1497 989 Montis-

230 1025 390 1104 greceosis
413 1025 544 1106 antiqua
569 1025 723 1087 libertatis
747 1026 890 1108 ipsorum
914 1029 1115 1108 prerogativa
1140 1031 1323 1111 requirente
1348 1035 1388 1094 ab
1406 1035 1495 1095 omni

230 1130 395 1192 tributaria
419 1130 584 1192 solucione
609 1132 745 1194 ubilibet
768 1152 825 1213 per
848 1134 1005 1195 ambitum
1038 1134 1197 1197 dictorum
1233 1157 1406 1219 regnorum
1438 1158 1495 1201 no-

231 1249 369 1297 strorum
394 1238 532 1320 exempti
556 1239 619 1299 sint
643 1253 673 1300 et
704 1239 881 1320 supportati
913 1240 1100 1320 habeantur,
1131 1243 1332 1325 velimusque
1365 1245 1495 1307 eosdem

231 1355 262 1403 et
287 1342 429 1425 ipsorum
454 1344 632 1424 quemlibet
648 1344 768 1425 ubique
785 1365 841 1426 per
858 1345 925 1426 ipsa
949 1366 1045 1427 regna
1063 1361 1169 1409 nostra
1188 1363 1357 1431 partesque
1375 1350 1495 1413 eisdem

231 1461 262 1507 et
285 1467 371 1509 sacre
396 1468 514 1510 corone
531 1450 688 1511 subiectas
704 1469 803 1531 penes
820 1450 1004 1512 huiusmodi
1022 1451 1165 1534 ipsorum
1182 1453 1344 1518 libertates
1361 1457 1495 1519 omnino

230 1567 315 1615 tutos
339 1574 417 1631 esse,
442 1556 625 1636 liberosque
650 1571 681 1616 et
703 1575 840 1617 securos.
864 1556 1026 1618 Fidelitati
1052 1557 1149 1638 igitur
1172 1571 1274 1622 vestre
1308 1574 1339 1622 et
1365 1561 1497 1623 cuilibet

231 1673 371 1721 vestrum
406 1661 520 1723 harum
552 1662 631 1722 serie
663 1659 795 1723 firmiter
825 1662 1037 1745 precipientes
1069 1664 1269 1744 mandamus,
1298 1667 1448 1747 quatinus
1479 1687 1497 1729 a

231 1766 329 1827 modo
353 1764 493 1848 prefatos
518 1767 668 1845 iudicem,
692 1768 787 1845 cives,
812 1767 933 1830 incolas
957 1782 987 1829 et
1019 1783 1212 1831 mercatores
1245 1752 1327 1833 dicte
1361 1772 1497 1834 civitatis

231 1888 336 1934 nostre
361 1873 640 1954 Montisgrecensis
664 1872 704 1933 ad
737 1873 937 1936 solucionem
967 1873 1183 1955 predictorum
1215 1876 1408 1938 tributorum
1439 1897 1496 1938 seu

230 1979 455 2040 theloneorum
480 1978 656 2041 vestroruin
682 1995 791 2041 contra
816 1979 953 2041 formam
983 1980 1136 2061 premisse
1167 1981 1310 2062 ipsorum
1341 1981 1496 2045 libertatis

231 2097 261 2146 et
285 2086 501 2167 exempcionis
526 2100 644 2147 arctare
669 2101 699 2148 et
724 2085 927 2167 compellere,
952 2100 1085 2146 aureos
1109 2087 1158 2147 vel
1184 2088 1327 2168 ipsorum
1359 2088 1495 2151 alterum

231 2205 398 2272 propterea
422 2192 453 2252 in
479 2191 624 2272 personis
648 2192 807 2272 rebusque
830 2205 885 2253 aut
909 2191 1074 2271 quibusvis
1110 2192 1203 2253 bonis
1234 2193 1411 2255 eorundem
1436 2194 1495 2255 im·

233 2297 353 2380 pedire,
366 2298 492 2359 turbare
517 2298 568 2357 vel
592 2296 827 2378 quoquomodo
844 2297 1049 2359 damnificare
1065 2318 1224 2379 nusquam
1242 2312 1273 2359 et
1289 2319 1494 2381 nequaquam

232 2405 420 2485 presumatis
444 2424 502 2465 nec
530 2404 597 2464 sitis
630 2405 698 2465 ausi
722 2403 821 2465 modo
853 2403 996 2484 aliquali.
1031 2404 1195 2477 Quoniam
1229 2404 1375 2486 alioquin
1408 2425 1495 2468 com-

231 2510 376 2571 misimus
400 2509 550 2571 fidelibus
574 2510 689 2571 nostris
714 2510 804 2571 banis
843 2509 893 2570 vel
918 2509 1080 2571 vicebanis
1112 2510 1289 2572 eorundem
1323 2531 1495 2592 regnorum

230 2629 411 2678 nostrorum
437 2616 607 2677 Sclauonie
633 2629 663 2676 et
687 2615 832 2692 Croacie,
857 2616 1032 2697 ceterisque
1057 2616 1228 2678 comitibus
1249 2616 1299 2678 vel
1323 2617 1495 2678 vicecomi-

230 2723 314 2783 tibus
338 2737 369 2783 et
393 2721 553 2801 judicibus
577 2721 736 2782 nobilium
761 2741 1040 2803 quorumcumque
1068 2723 1279 2784 comitatuum
1305 2722 1494 2784 eorumdem

231 2842 260 2890 et
284 2827 417 2910 predicti
442 2827 530 2908 regni
556 2826 654 2887 nostri
680 2827 846 2907 Hungarie
877 2828 1086 2909 parciumque
1121 2828 1181 2889 sibi
1213 2828 1427 2889 subiectarum
1462 2829 1494 2889 in

231 2935 348 3015 quibus
371 2934 491 2995 scilicet
515 2933 609 2994 huius
632 2933 773 2994 mandati
796 2933 894 2995 nostri
912 2953 968 3016 per
986 2934 1171 3015 quempiam
1193 2954 1231 2994 ex
1255 2935 1346 2997 vobis
1370 2949 1494 2997 contra-

230 3040 312 3101 rium
337 3054 543 3102 attentaretur
567 3054 598 3100 et
632 3039 832 3120 presentibus
856 3039 978 3100 firmius
1003 3039 1205 3117 mandamus,
1234 3053 1269 3100 ut
1293 3040 1352 3122 ipsi
1376 3041 1494 3102 tributa

231 3148 284 3208 illa
309 3161 339 3208 et
362 3146 513 3208 thelonea
545 3147 576 3207 in
610 3145 728 3226 quibus
762 3146 857 3207 huius
892 3145 1087 3206 contrarium
1120 3144 1209 3206 fieret
1238 3165 1297 3228 pro
1329 3146 1494 3208 Maiestate

231 3266 337 3314 nostra
361 3272 517 3334 occupare
542 3266 572 3314 et
595 3251 719 3313 tamdiu
742 3266 849 3313 tenere
874 3250 1022 3329 debeant,
1046 3251 1149 3312 donec
1173 3271 1190 3312 a
1216 3251 1308 3313 nobis
1330 3250 1419 3313 aliud
1443 3271 1493 3312 ac-

230 3360 371 3442 ceperint
395 3360 426 3420 in
463 3359 631 3420 mandatis.
659 3359 698 3419 Et
721 3358 779 3419 hec
811 3359 961 3419 volumus
997 3357 1098 3418 eciam
1135 3376 1191 3438 per
1224 3355 1348 3418 futuros
1381 3357 1493 3436 banos,

229 3466 410 3543 vicebanos,
435 3466 632 3546 comitesque
657 3463 707 3524 vel
731 3463 935 3525 vicecomites
958 3482 994 3524 ac
1018 3462 1140 3542 judices
1173 3461 1333 3523 nobilium
1365 3481 1493 3524 eorum-

230 3572 302 3632 dem
328 3591 498 3652 regnorum
524 3585 706 3631 nostrorum
730 3583 761 3630 et
788 3569 998 3631 comitatuum
1030 3587 1156 3649 semper
1186 3568 1360 3630 observari.
1395 3568 1493 3630 Secus

231 3679 325 3758 igitur
349 3698 414 3739 non
438 3676 559 3740 facturi.
586 3676 789 3737 Presentibus
812 3674 969 3758 perlectis,
993 3674 1154 3736 exhibenti
1184 3673 1346 3736 restitutis.
1372 3674 1491 3735 Datum

231 3785 320 3844 Bude
346 3784 378 3843 in
402 3782 482 3844 festo
507 3774 701 3843 visitacionis
724 3781 906 3842 beatissime
932 3781 1031 3842 Marie
1065 3780 1208 3861 virginis.
1241 3784 1336 3840 Anno
1368 3779 1492 3841 domini

231 3889 401 3950 millesimo
425 3888 683 3969 quingentesimo
708 3887 834 3948 decimo
858 3905 955 3948 non0.
981 3886 1168 3968 Regnorum
1192 3899 1375 3947 nostrorum
1400 3885 1492 3946 Hun-

229 3996 316 4077 garie
342 4009 372 4056 et
395 3994 549 4055 Bohemie
575 4007 633 4055 etc.
658 4013 743 4055 anno
768 4005 892 4074 quart0.

335 4133 469 4199 Originale
489 4135 514 4184 in
534 4137 692 4186 membrana.
712 4132 741 4186 lo
760 4134 880 4203 margine
908 4134 1026 4185 inferiori
1056 4134 1214 4198 impressum
1246 4140 1287 4183 est
1307 4132 1430 4196 sigillum.
1463 4132 1490 4183 ln

231 4223 347 4274 archivio
367 4224 412 4274 lib.
432 4237 488 4287 reg.
508 4224 557 4273 civ.
577 4225 684 4285 zagrab.
