3472 5242
234 353 295 395 200
652 337 724 394 Dec.
752 339 821 410 1⁰5·
846 370 886 378 -
917 336 974 398 (ln.
1000 350 1086 411 [520.

232 562 454 624 Fabianuma
490 561 613 644 prefato
645 562 783 626 condam
816 561 953 624 Zthansa
987 563 1163 645 empcionis
1193 563 1287 625 titulo
1314 564 1498 628 litteratorie

232 683 489 747 concernentem,
513 682 608 751 prout
631 667 691 730 hoc
716 669 748 730 in
772 668 912 750 quadam
937 668 1041 730 littera
1065 684 1171 731 nostra
1199 689 1254 731 seu
1275 671 1410 732 civitatis
1429 692 1499 754 pre-

234 773 306 853 fate,
332 788 476 856 ternpore
501 774 658 855 judicatus
687 775 907 856 circumspecti
940 788 971 835 et
1002 774 1127 836 honesti
1159 776 1217 836 viri
1250 775 1409 857 Gregorii,
1442 777 1498 840 filii

167 864 177 887 ⁶
232 879 370 958 Andree‚
394 880 529 941 senioris
553 879 666 957 judicis
690 893 721 940 et
745 879 886 941 concivis
903 881 1001 941 nostri
1017 881 1057 942 de
1074 900 1159 941 anno
1177 881 1300 942 domini
1324 883 1497 946 millesimo

232 986 492 1067 quingentesimo
516 1000 641 1063 ocrav0,
674 983 752 1047 feria
783 998 894 1066 quarta
927 986 959 1046 in
992 985 1133 1066 profesto
1166 988 1333 1048 beatorum
1365 989 1498 1050 Fabiani

233 1105 263 1152 et
298 1090 476 1153 Sebastiani
513 1091 689 1168 martirum,
726 1090 789 1170 jam
821 1090 945 1151 dudum
981 1092 1148 1171 preteritis,
1183 1111 1241 1175 pro
1277 1106 1365 1174 parte
1400 1095 1500 1176 ipsius

232 1197 370 1259 condam
395 1196 528 1259 Fabiani
554 1197 656 1278 Mylin
682 1196 757 1258 dicti
781 1196 953 1278 superinde
978 1195 1122 1258 confecta
1147 1211 1178 1260 et
1202 1213 1348 1259 emanata
1378 1220 1414 1260 ac
1447 1219 1498 1261 co·

233 1322 299 1364 ram
325 1303 419 1364 nobis
443 1304 474 1363 in
498 1303 602 1385 specie
628 1302 767 1363 exhibita
792 1315 823 1362 et
847 1303 1062 1364 demonstrata
1087 1301 1149 1364 fide
1184 1323 1329 1385 expresse
1360 1305 1500 1365 vidimus

233 1408 389 1470 contineri
421 1408 558 1486 oculata,
590 1408 685 1469 simul
718 1427 791 1468 cum
824 1408 975 1469 omnibus
1008 1408 1153 1470 eiusdem
1186 1408 1265 1470 silve
1298 1410 1499 1488 utilitatibus,

234 1514 366 1595 juribus,
402 1514 522 1591 usibus,
559 1512 832 1575 fructuositatibus
864 1528 895 1575 et
932 1515 1137 1595 pertinenciis
1174 1515 1329 1576 universis
1363 1516 1499 1596 provido

235 1620 303 1681 viro
330 1619 399 1680 Elie
417 1619 456 1682 de
481 1619 716 1702 Cirquycsthie,
735 1620 779 1681 uti
797 1620 902 1681 incole
920 1633 950 1680 et
969 1619 1173 1681 inhabitatori
1191 1621 1341 1682 territorii
1365 1622 1501 1683 civitatis

234 1739 352 1804 nostre,
378 1745 414 1787 ac
439 1745 495 1807 per
519 1744 593 1787 eum
619 1725 684 1786 suis
709 1725 883 1787 heredibus
907 1745 965 1806 pro
989 1725 1119 1787 florenis
1143 1727 1287 1807 quinque
1305 1727 1373 1788 auri
1398 1741 1429 1790 et
1445 1747 1501 1809 per

234 1831 393 1914 prefatum
419 1831 523 1893 Eliam
547 1831 632 1892 dicto
657 1827 794 1893 con'dam
822 1831 965 1893 Fabiano
991 1832 1103 1914 Mylin‚
1128 1845 1223 1913 prout
1246 1851 1353 1893 coram
1378 1831 1500 1914 prefato

237 1938 394 2000 Michaele
418 1937 522 2018 judice
547 1936 648 1998 fassus
671 1935 741 2015 fuit,
767 1938 830 1999 iarn
855 1938 914 1998 sibi
939 1937 1035 2018 plene
1052 1937 1134 1999 datis
1157 1950 1188 1999 et
1204 1938 1375 2018 persolutis
1391 1938 1501 2000 vendi-

162 2080 166 2089 ·
235 2043 332 2105 disset
356 2055 387 2105 et
410 2043 608 2122 contulisset,
622 2043 722 2104 immo
746 2042 787 2104 de
811 2062 970 2104 consensu
995 2043 1175 2104 vicinorum
1193 2042 1409 2125 predictorum
1426 2064 1502 2105 ven·

237 2149 319 2210 didit
343 2163 374 2210 et
395 2149 530 2211 contulit
549 2168 657 2210 coram
681 2149 776 2210 nobis
799 2147 867 2231 jure
891 2160 1047 2230 perpetuo
1071 2162 1102 2209 et
1119 2149 1370 2211 irrevocabiliter
1392 2163 1500 2212 tenen·

236 2254 321 2334 dam,
345 2255 573 2337 possidendam
595 2254 713 2335 pariter
736 2267 767 2316 et
790 2253 972 2315 habendam
996 2274 1032 2315 ac
1056 2254 1142 2315 iuxta
1177 2254 1400 2317 condicionem
1426 2255 1501 2316 civi·

235 2361 308 2421 tatis
331 2372 497 2443 prenotate
521 2363 562 2422 ab
587 2361 721 2441 antiquo
746 2360 987 2441 privilegialiter
1011 2361 1220 2441 approbatam
1245 2360 1501 2441 quomodocum-

237 2485 300 2546 que
325 2466 464 2528 voluerit
487 2465 733 2547 disponendam.
759 2465 898 2526 Demum
924 2484 999 2525 vero
1024 2465 1085 2525 hiis
1109 2465 1217 2546 itaque
1242 2465 1357 2527 habitis
1382 2466 1502 2527 ibidem

237 2592 345 2634 coram
370 2571 492 2654 prefato
518 2572 675 2634 Michaele
700 2571 804 2651 judice
842 2571 1036 2653 supradict0,
1061 2571 1147 2632 idem
1172 2572 1309 2633 condam
1343 2572 1503 2634 Fabianus

239 2677 340 2761 Milyn
365 2691 478 2759 sponte
503 2692 533 2738 et
557 2678 657 2739 libere
681 2676 783 2739 fassus
807 2676 867 2737 luit
888 2677 920 2737 in
945 2677 1029 2737 hunc
1054 2677 1207 2738 modum:
1233 2691 1268 2737 ut
1292 2677 1358 2758 ipse
1390 2697 1502 2757 quam·

238 2784 312 2846 dam
338 2784 471 2845 domum
496 2804 586 2845 suam
611 2784 643 2844 in
669 2783 752 2845 dicta
776 2782 970 2844 Werhowcz
989 2782 1130 2844 habitam
1157 2783 1252 2844 simul
1282 2802 1354 2843 cum
1371 2782 1504 2844 edificiis

239 2905 269 2952 et
293 2889 394 2952 fundo
418 2911 454 2951 ac
486 2905 557 2951 orto
594 2891 698 2952 eidem
735 2889 917 2970 subjacente
952 2891 1033 2951 inter
1068 2890 1196 2951 vineam
1233 2888 1345 2971 prelati
1383 2890 1452 2950 Elie
1485 2910 1503 2950 a

237 2996 487 3078 septemtrionali
512 3010 610 3078 parte,
633 2998 673 3057 ab
698 2995 888 3058 occidentali
913 3015 1013 3075 usque
1047 2994 1216 3056 decursum
1248 3015 1330 3076 aque
1354 2995 1504 3077 pluvialis

238 3123 255 3163 a
280 3103 483 3164 meridionali
508 3118 538 3164 et
562 3102 710 3164 orientali
734 3103 877 3183 partibus
900 3102 950 3162 via
976 3102 1157 3162 communis
1173 3100 1250 3182 ipsis
1271 3101 1505 3162 circumvicinis

239 3209 398 3271 deservire
412 3223 442 3270 et
455 3209 613 3290 pertinere
632 3208 834 3287 debentibus,
850 3207 990 3269 habitam
1005 3221 1036 3268 et
1052 3207 1250 3283 existentem,
1267 3206 1372 3287 ipsum
1386 3205 1505 3267 scilicet

241 3314 419 3376 Fabianum
444 3316 582 3377 condam
607 3335 624 3377 a
649 3317 879 3396 circumspecto
904 3329 934 3374 et
958 3313 1093 3374 honesto
1118 3313 1187 3373 viro
1222 3312 1380 3393 Gregorio
1412 3312 1503 3393 pelli-

240 3420 310 3499 fice,
336 3422 463 3482 seniore
487 3422 593 3500 judice
618 3434 649 3481 et
681 3421 812 3482 concive
847 3435 877 3481 et
910 3421 1045 3481 domino
1079 3419 1224 3479 lohanne
1257 3419 1434 3499 presbitero
1469 3438 1505 3479 ac

240 3527 412 3588 Dominico
445 3528 591 3588 similiter
615 3527 791 3609 presbitero
816 3525 1040 3588 executoribus
1063 3539 1093 3585 et
1117 3525 1343 3584 commissariis
1367 3525 1504 3585 condam

240 3633 363 3694 domini
389 3633 542 3714 Stephani
575 3633 713 3693 altariste
738 3652 789 3692 are
823 3632 921 3692 sancti
952 3632 1080 3692 Martini
1112 3632 1143 3691 in
1175 3630 1307 3691 ecclesia
1338 3629 1505 3710 hospitalis

239 3739 336 3799 nostrl
362 3740 452 3799 beate
489 3739 588 3799 Marie
623 3738 755 3818 virginis
790 3736 932 3813 fundate,
970 3737 1148 3817 empcionis
1184 3736 1278 3797 titulo
1316 3736 1503 3797 litteratorie

241 3858 497 3922 concernentem,
534 3856 630 3924 prout
665 3843 725 3903 hoc
758 3844 790 3903 in
823 3842 961 3923 quadam
999 3842 1101 3903 littera
1138 3857 1244 3903 nostra
1277 3860 1332 3901 seu
1368 3842 1504 3902 civitatis

241 3948 360 4031 prefate
385 3962 529 4030 tempore
554 3948 712 4028 judicatus
744 3948 962 4029 circumspecti
987 3960 1017 4008 et
1041 3948 1166 4009 honesti
1191 3949 1249 4008 viri
1281 3947 1418 4008 condam
1452 3948 1504 4008 Jo-

241 4055 365 4131 hannis,
388 4053 445 4115 filii
469 4053 802 4131 Anthonii,'senioris
835 4053 948 4133 judicis
971 4066 1001 4114 et
1037 4054 1177 4114 concivis
1211 4053 1309 4114 nostri
1345 4053 1384 4113 de
1419 4074 1505 4115 anno

241 4159 364 4221 domini
389 4159 563 4220 millesimo
587 4159 847 4239 quingentesimo
872 4160 1024 4236 secundo,
1058 4158 1134 4219 feria
1167 4160 1262 4220 tercia
1294 4160 1439 4240 proxima
1473 4160 1504 4220 in

240 4265 320 4328 festo
345 4265 562 4326 conversionis
586 4266 669 4326 beati
693 4265 783 4326 Pauli
808 4266 944 4346 apostoli
980 4266 1044 4325 iam
1076 4265 1199 4326 dudum
1237 4265 1404 4346 preteritis,
1443 4285 1501 4347 pro

241 4384 329 4452 parte
354 4371 453 4451 ipsius
477 4369 613 4431 condam
638 4370 770 4431 Fabiani
796 4370 965 4452 superinde
1000 4369 1143 4431 conlecta
1169 4383 1199 4430 et
1223 4384 1369 4431 emanata
1393 4390 1429 4431 ac
1453 4390 1504 4431 co-

242 4494 309 4536 ram
333 4476 426 4536 nobis
450 4476 482 4535 in
499 4477 602 4556 specie
619 4476 773 4558 producta
790 4475 851 4537 fide
869 4495 1013 4557 expresse
1031 4476 1170 4536 vidimus
1191 4476 1347 4536 contineri
1365 4476 1503 4554 oculata,

242 4581 338 4640 simul
362 4599 435 4641 cum
457 4581 608 4642 omnibus
632 4581 776 4642 eiusdem
809 4581 924 4642 domus
956 4580 1099 4657 edificiis,
1134 4579 1224 4641 fundi
1258 4594 1288 4642 et
1319 4581 1506 4661 cunctisque

244 4685 445 4763 utilitatibus,
469 4685 601 4762 iuribus,
635 4687 754 4753 usibus.
788 4687 1023 4767 integritatibus
1056 4701 1086 4746 et
1117 4687 1322 4767 pertinenciis
1351 4687 1507 4748 universis

242 4788 364 4871 prefato
389 4791 459 4853 Elie
490 4792 672 4873 supradicto
707 4812 743 4854 ac
777 4811 833 4872 per
868 4811 940 4853 eum
977 4792 1042 4852 suis
1077 4792 1248 4853 heredibus
1284 4812 1342 4875 pro
1376 4792 1506 4855 florenis
