3472 5242
262 360 321 422 ¹94
625 343 700 403 Doc.
725 352 791 417 157,
816 336 886 415 158.
911 377 953 385 -
977 344 1033 403 An.
1058 354 1143 418 1519.

1094 450 1193 454 ..-.-.-
1208 449 1519 456 -——-.-...——-——.

257 571 451 633 dominicam
476 570 599 634 ludica.
623 575 719 633 Anno
744 571 867 633 domini
900 570 1072 633 millesimo
1106 570 1364 650 quingentesimo
1395 570 1523 632 decimo

256 697 354 740 nono·

360 781 501 834 Ecoaeso
520 787 698 846 transumpto.
729 784 757 831 lu
787 782 857 834 arch.
877 796 937 832 ven.
967 781 1047 845 capit.
1067 780 1176 844 zagrab.
1208 780 1268 829 Act.
1299 779 1362 844 Cap.
1391 785 1442 834 ant.
1470 780 1526 830 lasc

257 872 314 922 101.
334 885 371 923 ur.
395 872 435 923 18.

846 1046 924 1114 157.

361 1187 436 1239 Auno
457 1186 534 1239 1519.
555 1188 597 1238 26.
617 1187 690 1239 maii.
709 1185 866 1252 Zagrablae.

261 1315 423 1388 Capitulum
447 1314 567 1393 aagrab.
603 1314 800 1370 communitati
820 1315 952 1371 civitatis
992 1311 1134 1386 Gregorii
1162 1312 1284 1370 Bradal
1309 1313 1434 1371 libellum
1459 1323 1525 1388 pre-

774 1421 915 1478 catorium
938 1418 1006 1483 edit.

361 1542 427 1603 Nos
451 1540 627 1624 capitulum
650 1541 782 1603 ecclesie
806 1539 1033 1621 zagrabiensis.
1069 1540 1224 1601 Memorie
1256 1539 1524 1601 commendamus

256 1660 366 1710 tenore
402 1647 603 1728 presencium
638 1645 864 1729 significantes,
910 1647 1027 1729 quibus
1063 1647 1190 1728 expedit
1229 1646 1396 1724 universis,
1432 1645 1520 1727 quod

256 1754 504 1836 circumspectus
539 1753 586 1813 vir
620 1754 730 1814 Petrus
763 1753 929 1831 litteratus,
962 1753 1039 1814 civis
1074 1753 1210 1814 civitatis
1244 1752 1524 1833 Montisgrecensis

257 1858 442 1921 nominibus
466 1872 496 1919 et
519 1859 551 1920 in
575 1859 720 1939 personis
743 1858 868 1938 judicis,
892 1858 1070 1939 juratorum
1099 1878 1135 1919 ac
1169 1858 1307 1920 aliorum
1340 1857 1458 1918 civium
1494 1872 1525 1918 et

256 1965 358 2026 tocius
382 1964 621 2026 communitatis
646 1965 782 2027 civitatis
804 1965 1085 2046 Montisgrecensis
1109 1964 1262 2046 predicte,
1287 1976 1430 2025 nostram
1454 1983 1525 2045 per-

255 2070 406 2132 sonaliter
429 2071 560 2131 veniens
586 2070 618 2130 in
641 2071 840 2152 presenciam
864 2071 1008 2132 exhibuit
1031 2085 1062 2132 et
1084 2070 1284 2152 presentavit
1308 2071 1403 2132 nobis
1430 2089 1524 2150 quas-

255 2176 329 2238 dam
355 2176 474 2238 litteras
500 2175 648 2258 Gregorii
673 2176 816 2238 Bradach
840 2176 880 2238 de
916 2176 1124 2254 Ladomercz‚
1155 2177 1312 2262 capitanei
1346 2175 1524 2237 Nandoral-

256 2282 374 2360 bensis,
398 2282 564 2364 quoddam
588 2281 773 2363 obligamen
805 2302 861 2344 seu
894 2283 1160 2365 compromissum
1195 2282 1227 2344 in
1260 2303 1292 2343 se
1324 2282 1523 2358 denotantes,

255 2405 290 2465 jn
315 2389 428 2470 papiro
451 2400 596 2469 patenter
621 2385 781 2450 confectas
805 2402 836 2449 et
859 2403 1033 2468 emanatas,
1047 2389 1219 2471 sigilloque
1245 2387 1400 2466 eiusdem,
1428 2399 1524 2469 prout

256 2494 358 2576 prima
383 2493 465 2555 facie
489 2495 673 2576 apparebat,
697 2495 729 2554 in
765 2495 909 2576 margine
946 2493 1088 2556 inferiori
1121 2515 1192 2557 cera
1216 2494 1310 2556 viridi
1335 2506 1415 2555 tecta
1440 2505 1524 2554 carta

256 2599 385 2682 papirea
409 2599 595 2682 impressive
620 2599 784 2681 sigillatas,
809 2614 919 2683 petens
943 2621 1002 2662 nos
1025 2600 1133 2662 debita
1157 2620 1231 2661 cum
1255 2600 1420 2677 instancia,
1445 2617 1524 2680 qua-

256 2719 349 2766 tenus
373 2724 431 2767 nos
456 2720 599 2766 tenorem
637 2705 812 2767 earundem
840 2706 878 2767 de
913 2708 1010 2768 verbo
1043 2706 1082 2768 ad
1114 2708 1248 2768 verbum
1278 2704 1467 2768 transummi
1493 2715 1523 2766 et

254 2812 421 2873 transcribi
445 2812 647 2892 presentibus
671 2811 783 2873 litteris
810 2813 926 2873 nostris
943 2812 1161 2893 dignaremur.
1180 2812 1325 2886 Quarum
1342 2826 1436 2873 tenor
1451 2810 1523 2872 talis

257 2915 418 3000 est:(vide
431 2914 544 2980 vol.Il.
560 2918 641 2980 Doc.
652 2918 775 3000 263.de
787 2937 872 2980 anno
888 2921 990 3001 1469,
1012 2918 1206 3000 16.Augusti
1219 2916 1230 3001 )
1245 2917 1339 2980 Unde
1356 2937 1415 2979 nos
1431 2916 1522 2997 justis

256 3037 287 3084 et
310 3021 370 3104 juri
395 3023 545 3085 consonis
567 3023 784 3106 peticionibus
807 3025 950 3085 annotati
968 3024 1052 3085 Petri
1069 3024 1209 3102 litterati,
1227 3024 1326 3085 modo
1344 3043 1409 3105 quo
1428 3042 1521 3104 supra

256 3129 419 3210 porrectis,
444 3142 631 3207 annuentes,
664 3130 857 3211 prescriptas'
884 3129 1004 3191 litteras
1038 3130 1246 3210 obligatorias
1280 3129 1319 3190 de
1351 3129 1450 3189 verbo
1482 3127 1521 3191 ad

257 3236 389 3296 verbum
415 3237 483 3296 sine
507 3234 729 3297 diminucione
754 3248 785 3295 et
807 3248 983 3316 augmento
1011 3235 1143 3317 aliquali
1180 3235 1379 3317 presentibus
1411 3234 1523 3295 litteris

256 3341 371 3402 nostris
394 3341 540 3402 similiter
563 3341 745 3421 patentibus
769 3341 864 3402 inseri
889 3352 920 3402 et
943 3341 1072 3402 inscribi
1097 3339 1249 3402 facientes
1275 3340 1392 3420 quibus
1416 3359 1522 3421 supra,

256 3445 326 3527 lege
351 3446 440 3527 regni
465 3446 646 3526 requirente
671 3460 702 3508 et
725 3447 889 3508 communi
913 3446 1036 3526 justicia
1059 3446 1210 3508 svadente
1235 3445 1384 3507 duximus
1411 3464 1523 3506 conce-

257 3550 377 3612 dendas
401 3551 519 3631 jurium
544 3571 675 3613 suorum
714 3552 852 3613 uberiori
887 3572 946 3633 pro
982 3552 1115 3614 cautela.
1149 3552 1267 3613 Datum
1300 3549 1377 3613 feria
1410 3552 1521 3631 quinta

257 3657 401 3738 proxima
425 3670 498 3738 post
521 3654 636 3717 festum
661 3658 760 3718 sancti
789 3658 909 3719 Vrbani
933 3678 1025 3739 pape.
1061 3662 1156 3719 Anno
1191 3657 1314 3718 domini
1347 3656 1521 3718 millesimo

256 3761 517 3843 quingentesimo
541 3762 667 3823 decimo
692 3781 790 3823 nono.

362 3883 500 3949 Originale
520 3885 545 3935 in
565 3887 662 3935 charta.
682 3887 705 3935 Α
724 3891 802 3950 tergo
823 3886 939 3950 sigillum
965 3887 1072 3950 capitali
1093 3887 1260 3951 impressum.
1289 3883 1317 3936 ln
1337 3885 1435 3936 archiv.
1462 3886 1521 3935 incl.

255 3970 341 4021 dccad
369 3971 462 4024 scient.
486 3970 588 4024 Slavor.
607 3973 698 4025 mertd.

849 4147 929 4212 158.

361 4250 435 4301 Anno
456 4250 532 4302 1519.
554 4252 579 4300 2.
598 4251 664 4315 julii.
684 4250 781 4302 Budae.

256 4368 422 4427 Ludotu'cus
446 4368 500 4438 II,
530 4370 708 4442 Hungariae
738 4379 787 4429 etc.
811 4389 873 4445 rex,
907 4372 1059 4445 unz'cm'que
1091 4379 1176 4446 velat,
1209 4389 1244 4427 ne
1272 4390 1291 4426 a
1315 4370 1521 4429 mercatoribus

533 4475 765 4549 aagrabiensibus
783 4484 840 4549 pro
863 4495 953 4534 merce
975 4478 1112 4534 tributum
1135 4477 1246 4550 exiget.

903 4605 1064 4656 Commissio
1084 4604 1193 4670 proptia
1212 4604 1311 4656 domini
1333 4605 1415 4670 regis.

363 4693 547 4754 Ludouicus
570 4693 620 4754 dei
644 4694 750 4775 gracia
773 4715 826 4756 rex
852 4695 1017 4775 Hungarie
1042 4708 1072 4756 et
1099 4694 1255 4756 Bohemie
1279 4707 1338 4756 etc.
1356 4693 1522 4755 Fidelibus

257 4798 373 4859 nostris
396 4799 552 4860 universis
574 4813 605 4860 et
627 4799 762 4882 singulis
794 4801 958 4863 nobilibus
984 4814 1014 4861 et
1044 4801 1174 4862 alterius
1205 4800 1344 4862 cuiusvis
1371 4813 1469 4861 status
1492 4811 1522 4860 et
