3472 5242
656 352 728 409 Dor.
755 347 806 412 82.
831 383 873 394 -
903 351 1074 423 An.1510.
1456 344 1496 426 89

238 458 633 466 n————————-—-—--—-
654 458 687 463 .-
708 456 893 463 -..--,.-.
931 456 961 460 -..
981 456 1014 461 .-
1076 454 1109 459 -.
1132 455 1171 459 -.
1200 452 1307 459 --.-.-
1327 453 1450 458 -—--.

232 580 454 664 prefigendum
486 598 592 640 coram
623 578 786 639 Maiestate
819 590 927 638 nostra
950 576 1000 637 vel
1026 576 1097 657 ipso
1122 576 1360 636 locumtenente
1386 588 1496 636 nostro

233 687 441 769 personaliter
480 699 534 747 aut
572 705 627 766 per
665 697 886 766 procuratores
921 693 1042 743 vestros
1078 700 1262 763 comparere
1298 681 1331 742 iu
1365 699 1495 742 omnem

233 806 383 854 eventum
423 791 584 866 debeatis3
617 810 690 851 nam
729 790 874 870 alioquin
907 790 983 850 certi
1016 788 1093 868 sitis,
1125 787 1212 868 quod
1244 807 1303 848 nos
1334 787 1385 848 vel
1410 787 1496 848 idem

231 900 452 961 locumtenens
475 911 592 975 noster,
616 917 680 958 non
709 898 853 958 obstante
878 895 1025 957 absencia
1049 907 1162 972 vestra,
1185 894 1224 955 ad
1249 893 1345 975 partis
1367 912 1496 974 compa·

233 1005 345 1090 tentis·
365 1004 552 1065 instanciam
589 1003 621 1063 id
655 1000 808 1064 faciemus
840 1002 872 1062 in
906 1001 1068 1083 premissis
1097 999 1185 1081 quod
1217 999 1382 1060 dictaverit
1415 998 1496 1060 ordo

232 1110 318 1190 juris.
340 1110 438 1183 Quod
459 1110 484 1170 si
509 1108 638 1170 tandem
663 1109 759 1170 altera
776 1107 920 1188 parcium
937 1120 1114 1168 vestrarum
1131 1118 1202 1188 post
1218 1104 1495 1167 adiudicacionem

232 1215 418 1277 huiusmodi
442 1228 474 1276 et
498 1194 690 1276 revisionem
714 1226 855 1275 nostram
881 1213 931 1274 vel
950 1212 1094 1273 eiusdem
1118 1211 1366 1273 locumtenentis
1386 1210 1496 1289 nostri,

233 1312 567 1401 deliberacionemque
594 1320 708 1381 exinde
732 1322 960 1400 subsequutum
982 1332 1090 1379 contra
1107 1332 1229 1399 partem
1246 1316 1494 1399 triumphantem

233 1428 290 1488 hac
315 1428 403 1488 inre
429 1428 459 1488 in
486 1427 569 1488 lacto
601 1426 803 1508 proprietatis
826 1425 949 1506 aliquid
973 1444 1066 1505 agere
1090 1424 1247 1502 habuerit,
1272 1424 1303 1484 id
1329 1424 1401 1485 talis
1424 1442 1496 1505 pars

232 1531 317 1611 juxta
349 1533 514 1614 antiquam
548 1533 611 1593 loci
642 1532 729 1594 illius
760 1531 1024 1593 consvetvdinem
1049 1531 1189 1611 requirat
1220 1543 1251 1591 et
1274 1541 1495 1611 prosequatur.

233 1640 330 1701 Secus
366 1638 462 1720 igitur
496 1638 585 1699 nulla
618 1638 739 1699 ratione
776 1637 878 1698 lacere
914 1636 1067 1698 audeatis.
1103 1636 1307 1697 Presentibus
1338 1634 1495 1716 perlectis,

232 1744 393 1806 exhibenti
428 1744 587 1808 restitutis.
622 1744 741 1806 Datum
774 1743 805 1804 in
838 1763 908 1804 arce
941 1742 1091 1804 Nitriensi
1120 1742 1152 1802 in
1182 1740 1262 1803 festo
1290 1740 1497 1802 exaltacionis

232 1865 339 1912 sancte
364 1850 486 1912 Crucis.
512 1853 609 1911 Anno
634 1849 757 1910 domini
782 1849 955 1910 millesimo
979 1848 1237 1929 quingentesimo
1262 1847 1398 1909 decimo.

609 2000 740 2062 Relacio
764 1998 924 2081 magnifici
950 1999 1072 2064 domini
1097 1998 1262 2060 Benedicti
1287 1998 1326 2059 de
1351 1998 1497 2080 Bathyan

654 2087 845 2150 thezaurarii
869 2088 955 2169 regie
980 2087 1163 2150 Maiestatis.

336 2263 472 2329 Originale
491 2263 517 2315 in
537 2265 634 2315 charta.
655 2262 683 2316 ln
704 2265 824 2333 margine,
840 2265 959 2316 interiori
978 2266 1137 2329 impressum
1157 2269 1198 2315 est
1217 2263 1342 2329 sigillum.
1357 2264 1384 2314 ln
1398 2263 1494 2315 archiv.

231 2366 289 2403 veu.
311 2353 374 2417 Cap.
393 2354 500 2417 zagrab.
519 2352 577 2405 Act.
599 2352 662 2417 Cap.
682 2357 727 2404 ant
755 2353 818 2406 lasc.
841 2354 879 2405 10.
900 2367 937 2403 ur.
957 2354 998 2404 71.

834 2637 893 2702 82.

337 2794 410 2844 huno
433 2794 507 2858 1510,
528 2797 551 2846 4.
571 2794 700 2845 octobris.
721 2793 877 2858 Zagraltiae.

236 2939 338 2996 Corum
370 2940 495 3012 capitulo
525 2940 643 3011 augrab.
672 2936 843 3008 Matthaeus,
870 2949 962 2997 rector
995 2941 1146 3018 hospitalis
1177 2960 1198 3000 s.
1222 2942 1347 2997 Arriom'i
1373 2942 1404 2996 in
1436 2940 1496 2996 rtz'co

230 3046 404 3103 Latinorum
427 3047 483 3116 siri,
500 3065 531 3104 se
554 3064 591 3102 ex
613 3043 772 3104 hereditate
790 3047 884 3103 lucae
906 3049 1029 3120 episcopi
1050 3061 1089 3103 10
1105 3048 1178 3121 star.
1195 3049 1226 3104 in
1242 3047 1395 3119 hospitalis
1412 3066 1494 3103 ustam

695 3152 834 3227 acceptise
860 3154 1028 3226 comprobat.

335 3292 401 3352 Nos
433 3292 609 3372 capitulum
642 3292 773 3353 ecclesie
802 3293 1026 3374 zagrabiensis.
1051 3293 1206 3354 Memorie
1231 3292 1495 3354 commendamus

232 3414 289 3476 per
302 3409 484 3477 presentes,
509 3397 597 3478 quod
620 3397 818 3459 honorabilis
837 3398 988 3459 dominus
1005 3398 1140 3459 Mathias
1157 3399 1313 3479 plebanus
1328 3398 1495 3480 hospitalis

230 3503 362 3564 ecclesie
379 3504 477 3564 sancti
495 3502 650 3564 Anthonii
668 3504 699 3565 in
718 3504 788 3565 vico
807 3504 1006 3584 Latinorum,
1023 3504 1177 3585 Zagrabie
1194 3502 1336 3583 fundate,
1354 3517 1493 3566 nostram

229 3609 437 3688 personaliter
469 3610 599 3670 veniens
630 3610 662 3670 in
694 3610 902 3691 presenciam,
926 3625 1050 3692 sponte,
1075 3612 1146 3672 vive
1172 3611 1259 3672 vocis
1283 3630 1338 3671 sue
1362 3611 1494 3673 oraculo

229 3712 393 3775 confessus
417 3729 463 3775 est
487 3716 519 3775 in
540 3715 625 3776 hunc
648 3716 801 3777 modum:
820 3716 985 3798 quomodo
1003 3717 1069 3799 ipse
1087 3718 1286 3778 venerabiles
1302 3730 1333 3778 et
1349 3718 1495 3798 egregios

229 3819 378 3880 dominos
407 3821 663 3882 reverendissimi
695 3823 831 3884 condam
856 3822 979 3884 domini
1005 3824 1091 3885 Luce
1116 3823 1257 3905 episcopi
1281 3824 1495 3905 zagrabiensis

228 3939 422 4003 executores,
447 3927 486 3987 de
511 3941 541 3988 et
565 3947 659 4008 super
683 3929 848 3990 solucione
869 3948 905 3989 ac
929 3929 1117 3990 omnimoda
1142 3927 1356 3990 satisfactione
1381 3928 1491 3992 decem

229 4031 297 4092 llor.
333 4031 393 4092 sibi
432 4052 488 4113 per
516 4013 666 4094 'eundern
706 4035 1007 4096 reverendissimum
1047 4034 1215 4096 dominum
1258 4036 1376 4096 Lucam
1417 4055 1492 4096 con·

229 4136 303 4197 dam
328 4138 514 4219 episcopum
549 4153 579 4198 et
603 4159 658 4220 per
682 4160 882 4221 consequens
906 4138 1026 4222 prefate
1050 4141 1182 4202 ecclesie
1207 4140 1372 4222 hospitalis
1395 4140 1493 4201 sancti

228 4241 383 4302 Anthonii
416 4243 605 4323 legatorum,
638 4243 729 4322 lacta,
758 4246 907 4325 quiettos,
941 4245 1106 4326 expeditos
1138 4266 1174 4307 ac
1205 4246 1310 4307 modis
1343 4247 1493 4307 omnihus

228 4348 393 4408 absolutos
428 4348 617 4409 reddidisset
649 4363 679 4410 et
711 4350 932 4428 commisisset,
966 4352 1067 4413 immo
1102 4352 1240 4414 reddidit
1271 4366 1301 4413 et
1333 4351 1493 4413 commisit

226 4472 333 4514 coram
371 4455 465 4515 nobis
503 4455 687 4516 testimonio
724 4457 925 4537 presencium
963 4456 1135 4518 mediante.
1179 4457 1296 4521 Datum
1338 4458 1369 4518 in
1410 4457 1490 4519 festo

227 4559 311 4620 beati
339 4559 497 4620 Francisci
533 4560 732 4623 confessoris.
758 4566 854 4622 Anno
878 4562 1010 4624 Domini
1034 4563 1208 4625 millesimo
1233 4563 1491 4644 quingentesimo

228 4664 365 4726 decimo,

332 4821 468 4889 Originale
488 4822 513 4876 in
534 4825 632 4878 charta.
653 4824 680 4875 ln
699 4824 796 4876 archiv.
815 4838 874 4875 ven.
894 4824 978 4890 Capit.
999 4831 1049 4878 aut.
1071 4827 1134 4879 fasc.
1153 4829 1194 4879 91,
1216 4842 1252 4878 nr.
1272 4829 1313 4882 28.
