3472 5242
684 316 757 376 Doc.
768 328 822 391 52.
837 347 880 358 —
903 315 962 376 An.
979 325 1072 392 1504.
1466 333 1502 396 3¹

243 541 433 620 firmissime,
457 554 615 621 quatenus
640 540 756 602 habitis
780 542 981 623 presentibus
1005 539 1163 623 prefatum
1197 541 1334 602 Paulum
1359 541 1504 624 Kwnych

244 646 454 729 personaliter
478 646 644 724 accedatis,
659 646 829 728 ipsumque
851 647 1020 708 salubriter
1043 647 1255 709 ammoneatis
1279 666 1375 728 super
1399 666 1448 725 eo,
1473 660 1508 708 ut

243 752 309 834 ipse
342 749 423 814 infra
454 771 571 814 novem
606 751 730 813 dierum
755 753 908 834 spacium,
932 752 1053 814 scilicet
1076 752 1278 814 execucionis
1301 752 1505 834 presencium

242 858 302 919 sibi
335 878 372 919 ex
403 856 699 940 superhabundanti
732 878 930 938 concessum,
954 856 1084 940 prelatis
1117 857 1257 919 dominis
1289 857 1508 940 prebendariis

242 964 282 1025 de
306 963 491 1026 huiusmodi
523 962 642 1042 debito,
666 977 732 1025 tam
762 964 882 1026 scilicet
912 983 1094 1046 porcorum,
1119 983 1216 1044 quam
1245 963 1345 1025 eciam
1377 964 1507 1046 pecuni-

242 1090 333 1131 arum
352 1090 414 1132 una
431 1089 504 1131 cum
520 1069 666 1151 expensis
681 1070 797 1131 secutis
813 1069 983 1132 satisfaciat
998 1070 1038 1131 ad
1056 1069 1214 1148 effectum,
1225 1084 1280 1132 aut
1296 1089 1369 1131 cum
1386 1069 1506 1131 eisdem

242 1176 452 1238 amicabiliter
475 1189 665 1258 componat;
697 1195 779 1256 quos
810 1196 927 1238 novem
955 1176 1023 1237 dies
1044 1176 1105 1237 sibi
1130 1196 1187 1258 pro
1212 1177 1327 1258 primo,
1354 1176 1507 1255 secundo,

243 1282 343 1344 tercio
368 1296 399 1344 et
422 1281 638 1364 peremptorio
662 1281 811 1360 termino,
835 1282 1018 1344 monicione
1046 1281 1199 1343 canonica
1223 1280 1387 1364 prehabita
1410 1281 1507 1363 assig-

242 1387 350 1449 nando
374 1386 544 1469 prefigatis.
569 1388 634 1461 Qui
657 1386 683 1448 si
707 1386 826 1467 lecerit,
844 1389 926 1450 bene
951 1387 1093 1470 quidem,
1111 1387 1257 1470 alioquin
1282 1401 1354 1470 post
1379 1389 1505 1471 lapsum

242 1494 471 1575 premissorum
507 1512 623 1556 novem
660 1494 785 1555 dierum
821 1494 964 1576 spacium
1000 1493 1139 1555 eundem
1175 1493 1312 1555 Paulum
1349 1492 1507 1577 Kwnych‚

242 1600 370 1681 publice
401 1600 603 1661 nominatum
636 1613 668 1662 et
698 1619 843 1682 expresse
878 1601 910 1662 in
943 1600 1075 1662 ecclesia
1103 1613 1206 1664 vestra
1228 1600 1506 1662 excommunicare

242 1705 385 1767 debeatis
416 1719 446 1766 et
477 1725 533 1788 per
564 1705 645 1767 alios
675 1705 943 1767 excommunicari
978 1703 1110 1767 faciatis.
1146 1706 1187 1767 Et
1219 1719 1291 1787 post
1322 1705 1380 1767 hec
1403 1706 1507 1767 tocius

242 1812 443 1873 execucionis
467 1826 568 1872 vestre
593 1812 706 1873 seriem
731 1812 824 1873 nobis
848 1810 984 1873 fideliter
1007 1824 1038 1874 et
1061 1811 1296 1873 conscienciose
1319 1811 1506 1890 rescribatis,

242 1932 403 1999 presentes
438 1918 470 1978 in
502 1917 607 1999 specie
638 1917 865 1979 remmitentes.
905 1917 1023 1979 Datum
1056 1918 1211 1999 Zagrabie
1244 1917 1276 1978 in
1309 1916 1389 1979 festo
1421 1916 1505 1979 beati

242 2024 413 2106 Augustini
438 2024 591 2106 episcopi,
615 2023 765 2085 doctoris.
789 2028 885 2085 Anno
910 2024 1034 2085 domini
1055 2023 1228 2085 millesimo
1245 2023 1506 2105 quingentesimo

264 2142 366 2192 uarto.

242 2150 263 2211 q
776 2218 938 2281 lohannes
960 2217 1126 2280 Benedicti
1151 2217 1190 2279 de
1215 2217 1327 2297 Pades,
1352 2217 1505 2280 notarius.

352 2339 394 2405 (la
413 2342 531 2407 margine
551 2340 698 2406 interimo:
719 2325 790 2406 Ego
804 2323 979 2406 Gregorius
994 2338 1145 2387 executus
1161 2344 1232 2386 sum
1242 2324 1303 2387 hoc
1316 2323 1504 2385 mandatum

242 2431 368 2512 egregie
393 2431 636 2493 Dominacionis
659 2444 772 2492 vestre.

347 2552 484 2619 originale
502 2552 528 2605 in
548 2555 645 2607 charta.
658 2552 687 2607 ln
706 2552 824 2619 margine
844 2552 962 2606 inferiori
980 2551 1141 2618 impressum
1160 2559 1202 2604 est
1221 2551 1346 2618 sigillum.
1362 2550 1392 2605 In
1404 2551 1505 2608 arohlv.

241 2643 302 2694 hoa.
321 2643 382 2696 ooll.
401 2643 662 2696 Praebendariorum.

836 2820 895 2886 32.

346 2960 420 3011 Anno
443 2960 579 3025 1504,15.
601 2959 760 3014 novembris.
782 2961 879 3012 Budas.

250 3088 423 3157 Vladislnus,
462 3089 640 3159 littorariae
677 3095 729 3148 clc.
764 3107 827 3157 rex,
860 3086 1060 3146 corrrmunitati
1091 3089 1193 3145 montis
1233 3087 1384 3145 Grcccnsis
1418 3089 1506 3144 mittit

583 3195 720 3272 legatum,
742 3196 794 3268 qui
814 3191 903 3253 habet
924 3195 986 3269 ejus
1009 3191 1160 3254 mandata.

927 3312 1086 3365 Commissio
1106 3311 1215 3378 propria
1234 3311 1331 3365 domini
1352 3313 1431 3377 regis.

350 3420 548 3481 Wladislaus
584 3420 635 3481 dei
658 3420 763 3502 gracia
800 3440 852 3482 rex
886 3420 1051 3500 Hungarie
1083 3434 1114 3480 et
1141 3420 1295 3481 Bohemie
1327 3431 1385 3480 etc.
1425 3419 1502 3480 Pru-

241 3525 352 3587 dentes
379 3539 410 3586 et
443 3526 672 3606 circumspecti,
696 3526 807 3588 fideles
837 3526 931 3588 nobis
962 3525 1080 3587 dilecti.
1110 3525 1267 3586 Miseratis
1293 3524 1355 3586 huc
1379 3523 1419 3586 ad
1443 3544 1502 3586 nos

241 3630 324 3692 hunc
349 3631 521 3713 providum
554 3632 728 3711 Thomam,
752 3631 917 3694 hominem
948 3644 1100 3709 vestrum,
1123 3631 1326 3712 presencium
1352 3629 1502 3692 videlicet

240 3736 461 3817 exhibitorem,
475 3739 530 3819 qui
547 3750 647 3800 certas
663 3758 792 3819 quoque
810 3738 929 3799 litteras
945 3752 1063 3798 vestras
1080 3736 1237 3797 Maiestati
1254 3749 1360 3799 nostre
1377 3735 1501 3798 detulit.

240 3842 286 3903 Ea
319 3843 423 3923 igitur,
456 3863 518 3924 que
554 3844 647 3906 nobis
671 3844 703 3905 in
736 3844 857 3905 eisdem
890 3844 1000 3905 litteris
1033 3842 1143 3904 vestris
1178 3838 1381 3923 scripseratis,
1406 3842 1501 3923 plene

240 3947 464 4025 intelleximus,
488 3962 518 4010 et
541 3970 636 4031 super
660 3949 780 4011 eisdem
803 3949 960 4010 nonnulla
984 3967 1115 4029 quoque
1139 3948 1252 4010 iterato
1275 3948 1367 4009 vobis
1391 3947 1500 4009 medio

239 4054 382 4115 eiusdem
407 4053 547 4115 hominis
570 4055 664 4116 vestri
689 4055 917 4116 intimavimus.
951 4054 1089 4115 Proinde
1114 4053 1307 4134 requirimus
1330 4053 1498 4114 fidelitates

239 4174 366 4239 vestras,
391 4174 421 4220 et
454 4160 574 4222 eisdem
606 4161 836 4223 nichilominus
867 4160 980 4222 harum
1013 4160 1092 4222 serie
1126 4160 1226 4221 eciam
1259 4159 1499 4237 committimus,

239 4280 396 4348 quatenus
431 4266 568 4348 acceptis
602 4267 812 4348 presentibus,
843 4287 891 4346 ea,
922 4286 984 4347 que
1020 4265 1159 4348 prefatus
1191 4265 1289 4326 homo
1322 4277 1425 4326 vester
1457 4264 1498 4324 ad

239 4385 388 4435 contenta
420 4373 665 4454 prescriptarum
698 4373 873 4434 litterarum
905 4386 1092 4449 vestrarum,
1125 4371 1216 4433 vobis
1247 4383 1356 4431 nostro
1384 4368 1497 4431 dixerit

238 4480 369 4541 nomine
394 4478 610 4539 indubitanter
642 4479 779 4557 credere,
804 4492 899 4560 atque
932 4479 1033 4539 eciam
1057 4478 1160 4539 lacere
1193 4490 1224 4538 et
1248 4475 1361 4556 exequi
1392 4474 1497 4536 modis

238 4586 389 4647 omnibus
413 4583 554 4645 debeatis
586 4597 617 4646 et
640 4584 824 4645 teneamini.
850 4584 947 4645 Secus
971 4583 1062 4645 nullo
1092 4583 1191 4645 modo
1216 4580 1338 4643 facturi.
1377 4579 1496 4642 Datum

238 4693 338 4770 Bude,
371 4689 448 4752 feria
480 4704 565 4751 sexta
596 4690 742 4772 proxima
774 4703 846 4771 post
877 4689 992 4752 festum
1025 4690 1108 4751 beati
1141 4688 1269 4750 Martini
1294 4686 1435 4769 episcopi
1465 4698 1496 4747 et

237 4797 436 4861 confessoris.
460 4799 556 4858 Anno
580 4797 704 4858 domini
728 4796 901 4858 millesimo
925 4795 1184 4877 quingentesimo
1208 4807 1332 4874 quarto.
