3472 5242
651 349 717 405 Doc
750 363 821 424 203.
846 381 887 389 -
911 349 967 408 An.
990 343 1082 423 1526.

819 573 909 640 203.

338 734 412 783 Anno
437 734 511 785 1526.
532 735 555 784 3.
576 733 737 797 septembris
765 730 922 797 Zagrabiae.

239 860 459 933 Clrristoplroms
482 861 515 915 ilc
547 860 790 933 Frongepom’bus
821 879 919 934 comcs,
943 861 1038 918 clades
1071 848 1219 934 quosdam
1245 861 1392 932 copiarum
1425 861 1499 932 regi-

232 986 319 1022 orum
343 968 491 1037 nuntians,
517 966 656 1037 ingentem
690 968 844 1022 exercitum
877 974 978 1024 contra
1006 967 1037 1022 Τ
1033 984 1115 1023 arcos
1137 986 1155 1022 a
1183 985 1248 1038 rege
1282 966 1381 1037 colligi
1400 966 1499 1036 refert,

322 1091 469 1146 carnesque
491 1079 564 1140 orat,
587 1079 622 1127 ut
641 1073 769 1128 altimum
791 1090 875 1129 suum
897 1074 1021 1145 err'gont,
1036 1074 1153 1145 regique
1166 1072 1261 1146 fidem
1284 1080 1405 1130 seruent.

340 1209 590 1292 Christophorus
607 1212 646 1271 de
672 1211 945 1293 Frangapanibus,
964 1212 1092 1294 Segnie,
1110 1211 1249 1292 Weglie,
1269 1209 1497 1290 Modrusieque

234 1334 341 1376 comes
365 1330 423 1378 etc.
449 1317 636 1397 Magnificis,
672 1318 808 1398 egregiis
832 1332 862 1378 et
893 1318 1056 1379 nobilibus
1088 1318 1238 1396 dominis,
1274 1318 1377 1378 tocius
1408 1315 1498 1397 regni

236 1422 400 1501 Slauonie,
434 1423 573 1483 dominis
609 1423 757 1484 videlicet
793 1436 823 1484 et
858 1423 968 1484 amicis
1006 1423 1221 1497 honorandis;
1258 1423 1332 1483 item
1369 1421 1499 1482 alterius

238 1527 376 1588 cuiusvis
399 1541 497 1589 status
522 1543 552 1588 et
574 1529 776 1610 praemencie
800 1529 996 1608 hominibus,
1028 1543 1190 1610 presentes
1222 1529 1346 1606 visuris,
1371 1527 1499 1587 lecturis

237 1649 267 1693 et
292 1633 480 1714 inspecturis
503 1635 637 1695 salutem
663 1654 736 1695 cum
768 1633 890 1695 honore
938 1635 1100 1696 Noveritis
1124 1655 1183 1696 nos
1217 1654 1281 1695 non
1312 1633 1380 1695 sine
1410 1632 1499 1714 gravi

236 1739 334 1799 animi
360 1739 457 1800 nostri
483 1739 688 1820 displicencia
715 1739 872 1820 accepisse
890 1739 1048 1820 quosdam
1065 1739 1215 1801 dominos
1231 1739 1410 1820 regnicolas
1426 1758 1498 1800 cum

233 1845 382 1926 gentibus
406 1845 491 1926 regie
515 1845 698 1923 Maiestatis,
711 1845 836 1906 domini
860 1845 958 1906 nostri
980 1845 1217 1926 graciosissimi‚
1234 1860 1337 1927 preter
1354 1858 1495 1906 mentem

235 1964 266 2012 et
290 1950 487 2012 voluntatem
512 1971 567 2012 sue
592 1951 776 2028 Maiestatis,
792 1951 970 2013 inconsulte
988 1965 1019 2013 et
1036 1951 1244 2013 indeliberate
1269 1965 1369 2012 castra
1386 1950 1500 2012 cesaris

237 2056 444 2118 Thurkarum
470 2057 595 2138 pridem
620 2057 783 2134 invasisse,
808 2070 838 2118 et
863 2057 937 2118 inde
955 2077 1011 2138 per
1029 2057 1174 2119 infideles
1191 2057 1382 2138 insperatam
1399 2075 1499 2136 quan·

236 2161 310 2223 dam
336 2176 472 2244 stragem
500 2163 531 2224 in
565 2163 687 2224 eisdem
721 2163 871 2243 gentibus
902 2183 957 2224 sue
992 2162 1167 2225 Maiestatis
1198 2163 1380 2245 sumpsisse,
1416 2161 1501 2223 unde

236 2288 292 2329 sua
317 2269 490 2331 Maiestatis
515 2269 616 2351 magis
646 2290 681 2330 ac
718 2269 819 2350 magis
842 2269 938 2330 rebus
969 2282 999 2330 et
1030 2269 1124 2330 saluti
1148 2290 1204 2331 sue
1235 2282 1265 2330 et
1297 2268 1499 2330 sudditorum

236 2395 368 2436 suorum
392 2396 428 2436 ac
452 2376 541 2456 regni
566 2388 596 2436 et
621 2396 707 2437 sacre
732 2395 850 2437 corone
874 2376 915 2437 ob
940 2375 1116 2437 feliciorem
1150 2390 1300 2437 eventum
1325 2389 1356 2437 et
1379 2375 1499 2436 stabili-

236 2495 333 2542 tatem
360 2481 482 2549 Budam
509 2502 616 2543 versus
639 2502 672 2543 se
697 2482 893 2560 contulisset,
916 2482 970 2543 ubi
996 2483 1122 2564 copiam
1145 2482 1295 2563 gencium
1313 2502 1377 2543 non
1395 2482 1501 2542 minus

237 2602 272 2648 ut
295 2587 382 2669 prius
414 2601 479 2649 tarn
512 2587 551 2649 de
588 2588 737 2669 polonica
773 2607 870 2669 quam
901 2588 940 2649 de
977 2588 1145 2649 bohemica
1179 2601 1274 2668 gente
1309 2589 1367 2649 sub
1403 2587 1500 2648 ductu

237 2692 397 2775 magnifici
423 2693 545 2755 domini
571 2692 702 2774 Georgii
721 2692 915 2755 marchionis
933 2693 1263 2775 Brandemburgensis
1287 2706 1344 2755 etc.
1362 2694 1402 2755 ad
1418 2693 1501 2754 latus

238 2813 268 2860 et
292 2798 435 2861 futurum
460 2799 638 2860 subsidium
663 2819 719 2860 sue
737 2799 910 2860 Maiestatis
934 2800 1141 2880 congessisse,
1167 2800 1373 2881 spectabilem
1398 2800 1499 2860 eciam

237 2918 268 2965 et
302 2905 507 2985 magnificum
543 2904 711 2965 dominum
751 2904 930 2966 lohannem
955 2906 1145 2988 wayvodam
1182 2906 1499 2968 Transilvaniensem

238 3031 310 3072 cum
335 3010 544 3092 quadraginta
570 3011 713 3073 millibus
735 3012 839 3091 gentis
863 3011 1047 3093 hungarice,
1079 3026 1221 3094 preterea
1251 3012 1500 3074 illustrissimum

238 3117 414 3199 principem
448 3117 617 3177 dominum
654 3116 894 3177 Ferdinandum
930 3116 1132 3179 archiducem
1168 3118 1306 3194 Austrie,
1341 3117 1499 3178 sororium

238 3241 293 3282 sue
318 3223 491 3284 Maiestatis
515 3222 746 3301 charissimum,
762 3242 834 3284 curn
859 3222 968 3283 multis
992 3224 1135 3284 millibus
1160 3223 1303 3285 nacionis
1318 3223 1499 3304 germanice

239 3328 270 3388 in
295 3328 473 3389 subsidium
499 3329 680 3405 convenire,
705 3341 897 3408 paratosque
922 3348 997 3389 esse.
1016 3330 1082 3389 Nos
1099 3349 1229 3410 quoque
1246 3348 1318 3389 cum
1335 3327 1499 3410 spectabili

239 3449 268 3495 et
293 3434 464 3515 magnifico
498 3435 632 3495 domino
658 3433 804 3494 iohanne
835 3434 1005 3514 Torquato
1031 3435 1146 3495 comite
1172 3434 1333 3495 Corbauie
1368 3447 1426 3495 etc.
1449 3432 1500 3493 hic

239 3540 393 3620 Zagrabie
417 3561 489 3602 curn
514 3561 612 3602 manu
637 3554 667 3602 et
691 3539 838 3622 potencia
863 3539 978 3600 virium
1004 3553 1184 3601 nostrarum
1210 3541 1241 3601 in
1266 3540 1446 3601 subsidium
1470 3552 1500 3600 et

239 3646 442 3707 stabilitatem
469 3647 620 3709 felicioris
641 3661 773 3708 eventus
790 3662 820 3708 et
836 3659 935 3707 status
951 3665 1006 3706 sue
1025 3647 1198 3708 Maiestatis
1215 3660 1245 3707 et
1261 3646 1499 3728 protecciooem

241 3771 412 3831 regnorum
437 3773 569 3814 suorum
594 3752 688 3813 fuisse
721 3766 751 3814 et
782 3772 848 3812 esse
873 3750 1069 3832 profitemur,
1102 3766 1296 3834 quapropter
1325 3751 1500 3812 dominaci-

239 3878 317 3918 ones
339 3872 456 3919 vestras
486 3859 648 3920 talismodi
673 3879 762 3919 casus
792 3873 822 3919 et
847 3856 955 3919 infelix
989 3871 1121 3920 eventus
1152 3859 1191 3919 ad
1224 3873 1399 3919 extremum
1434 3876 1499 3918 non

240 3979 364 4041 terreat,
389 3984 493 4045 neque
519 3965 550 4025 in
585 3965 844 4046 desperacionem
882 3963 1116 4044 quoquomodo
1148 3965 1287 4041 inducat,
1319 3963 1500 4044 quinimmo

240 4068 355 4130 habitis
379 4071 536 4131 mandatis
561 4086 590 4131 et
622 4070 888 4151 requisicionibus
911 4089 966 4130 suc
996 4070 1168 4130 Maiestatis
1199 4070 1316 4151 pariter
1346 4069 1386 4130 ad
1418 4070 1501 4130 latus

240 4189 271 4236 et
294 4176 471 4237 subsidium
498 4177 652 4254 eiusdem,
677 4176 842 4258 patrieque
867 4174 1088 4236 defensionem
1114 4196 1149 4236 ac
1166 4176 1276 4236 salutis
1292 4189 1323 4237 et
1340 4177 1499 4236 bonorum

241 4281 485 4341 eliberacionem
511 4282 620 4342 divina
643 4281 768 4342 favente
792 4280 966 4340 clemencia
1002 4279 1111 4341 adesse
1145 4300 1362 4362 properemus,
1395 4280 1500 4341 horta·

241 4406 323 4464 mur,
346 4406 401 4448 sue
427 4389 582 4449 Maiestati
608 4402 637 4448 et
662 4408 718 4468 per
741 4405 941 4466 consequens
965 4406 1050 4445 sacre
1076 4405 1194 4447 corone
1219 4387 1306 4466 regni
1333 4386 1498 4467 Hungarie

240 4512 422 4574 sumpmam
448 4508 615 4575 propterea
640 4493 823 4555 felicitatem
856 4505 1038 4552 ostensuros
1070 4506 1100 4551 et
1133 4491 1340 4553 exhibituros.
1368 4492 1498 4553 Presen·
