<?xml version="1.0" encoding="UTF-8"?>
<!DOCTYPE html PUBLIC "-//W3C//DTD XHTML 1.0 Transitional//EN"
    "http://www.w3.org/TR/xhtml1/DTD/xhtml1-transitional.dtd">
<html xmlns="http://www.w3.org/1999/xhtml" xml:lang="en" lang="en">
 <head>
  <title>
</title>
<meta http-equiv="Content-Type" content="text/html;charset=utf-8" />
  <meta name='ocr-system' content='tesseract 3.04.00' />
  <meta name='ocr-capabilities' content='ocr_page ocr_carea ocr_par ocr_line ocrx_word'/>
</head>
<body>
  <div class='ocr_page' id='page_1' title='image "./monumentahistor12laszgoog_0450.png"; bbox 0 0 3472 5242; ppageno 0'>
   <div class='ocr_carea' id='block_1_1' title="bbox 244 295 1087 376">
    <p class='ocr_par' dir='ltr' id='par_1_1' title="bbox 244 295 1087 376">
     <span class='ocr_line' id='line_1_1' title="bbox 244 295 1087 376; baseline 0.002 -21"><span class='ocrx_word' id='word_1_1' title='bbox 244 313 308 376; x_wconf 86' lang='lat'><strong>320</strong></span> <span class='ocrx_word' id='word_1_2' title='bbox 651 295 769 355; x_wconf 73' lang='lat' dir='ltr'><strong>Stamta</strong></span> <span class='ocrx_word' id='word_1_3' title='bbox 795 298 1087 358; x_wconf 71' lang='lat' dir='ltr'><strong>praebendariorum.</strong></span> 
     </span>
    </p>
   </div>
   <div class='ocr_carea' id='block_1_2' title="bbox 970 404 1472 414">
    <p class='ocr_par' dir='ltr' id='par_1_2' title="bbox 970 404 1472 414">
     <span class='ocr_line' id='line_1_2' title="bbox 970 404 1472 414; baseline 0.004 -6"><span class='ocrx_word' id='word_1_4' title='bbox 970 404 1086 410; x_wconf 43' lang='grc' dir='ltr'><strong>ὴ.-</strong></span> <span class='ocrx_word' id='word_1_5' title='bbox 1094 405 1311 412; x_wconf 72' lang='lat'><strong>———.„—</strong></span> <span class='ocrx_word' id='word_1_6' title='bbox 1318 407 1400 412; x_wconf 75' lang='grc'><em>,.-,-</em></span> <span class='ocrx_word' id='word_1_7' title='bbox 1409 407 1472 414; x_wconf 75' lang='lat'>...-</span> 
     </span>
    </p>
   </div>
   <div class='ocr_carea' id='block_1_3' title="bbox 213 523 1561 4841">
    <p class='ocr_par' dir='ltr' id='par_1_3' title="bbox 213 523 1561 4841">
     <span class='ocr_line' id='line_1_3' title="bbox 242 523 1510 618; baseline 0.005 -33"><span class='ocrx_word' id='word_1_8' title='bbox 242 525 335 586; x_wconf 92' lang='lat' dir='ltr'><strong>nobis</strong></span> <span class='ocrx_word' id='word_1_9' title='bbox 370 545 429 607; x_wconf 94' lang='lat' dir='ltr'><strong>pro</strong></span> <span class='ocrx_word' id='word_1_10' title='bbox 453 523 639 586; x_wconf 90' lang='lat' dir='ltr'><strong>huiusmodi</strong></span> <span class='ocrx_word' id='word_1_11' title='bbox 664 537 770 585; x_wconf 93' lang='lat' dir='ltr'><strong>nostre</strong></span> <span class='ocrx_word' id='word_1_12' title='bbox 794 525 1034 586; x_wconf 86' lang='lat' dir='ltr'>communitatis</span> <span class='ocrx_word' id='word_1_13' title='bbox 1071 527 1312 618; x_wconf 79' lang='lat' dir='ltr'><strong>necessitatibus</strong></span> <span class='ocrx_word' id='word_1_14' title='bbox 1343 529 1510 608; x_wconf 80' lang='lat' dir='ltr'>evitandis,</span> 
     </span>
     <span class='ocr_line' id='line_1_4' title="bbox 242 629 1509 715; baseline 0.004 -24"><span class='ocrx_word' id='word_1_15' title='bbox 242 629 460 712; x_wconf 87' lang='lat' dir='ltr'><strong>diuturnaque</strong></span> <span class='ocrx_word' id='word_1_16' title='bbox 483 644 590 692; x_wconf 88' lang='lat' dir='ltr'><strong>nostra</strong></span> <span class='ocrx_word' id='word_1_17' title='bbox 614 631 700 713; x_wconf 91' lang='lat' dir='ltr'><strong>apud</strong></span> <span class='ocrx_word' id='word_1_18' title='bbox 725 630 861 692; x_wconf 91' lang='lat' dir='ltr'><strong>eandem</strong></span> <span class='ocrx_word' id='word_1_19' title='bbox 884 631 1049 692; x_wconf 91' lang='lat' dir='ltr'><strong>ecclesiam</strong></span> <span class='ocrx_word' id='word_1_20' title='bbox 1067 634 1271 714; x_wconf 89' lang='lat' dir='ltr'><strong>persistencia</strong></span> <span class='ocrx_word' id='word_1_21' title='bbox 1288 648 1383 715; x_wconf 91' lang='lat' dir='ltr'><strong>atque</strong></span> <span class='ocrx_word' id='word_1_22' title='bbox 1401 655 1509 696; x_wconf 92' lang='lat' dir='ltr'><strong>como-</strong></span> 
     </span>
     <span class='ocr_line' id='line_1_5' title="bbox 241 735 1510 818; baseline 0.003 -21"><span class='ocrx_word' id='word_1_23' title='bbox 241 737 332 799; x_wconf 91' lang='lat' dir='ltr'><strong>diore</strong></span> <span class='ocrx_word' id='word_1_24' title='bbox 357 752 387 799; x_wconf 94' lang='lat' dir='ltr'><strong>et</strong></span> <span class='ocrx_word' id='word_1_25' title='bbox 412 737 627 818; x_wconf 92' lang='lat' dir='ltr'><strong>niditorieque</strong></span> <span class='ocrx_word' id='word_1_26' title='bbox 652 736 772 798; x_wconf 88' lang='lat' dir='ltr'>ibidem</span> <span class='ocrx_word' id='word_1_27' title='bbox 797 737 829 797; x_wconf 95' lang='lat' dir='ltr'><strong>in</strong></span> <span class='ocrx_word' id='word_1_28' title='bbox 855 735 975 818; x_wconf 80' lang='lat' dir='ltr'><strong>prelata</strong></span> <span class='ocrx_word' id='word_1_29' title='bbox 999 739 1132 800; x_wconf 88' lang='lat' dir='ltr'><strong>ecclesia</strong></span> <span class='ocrx_word' id='word_1_30' title='bbox 1148 741 1299 801; x_wconf 89' lang='lat' dir='ltr'><strong>servitute</strong></span> <span class='ocrx_word' id='word_1_31' title='bbox 1324 754 1355 800; x_wconf 90' lang='lat' dir='ltr'><strong>et</strong></span> <span class='ocrx_word' id='word_1_32' title='bbox 1371 741 1510 801; x_wconf 91' lang='lat' dir='ltr'><strong>cultibus</strong></span> 
     </span>
     <span class='ocr_line' id='line_1_6' title="bbox 241 842 1507 926; baseline 0.004 -24"><span class='ocrx_word' id='word_1_33' title='bbox 241 842 359 904; x_wconf 83' lang='lat' dir='ltr'><strong>divinis</strong></span> <span class='ocrx_word' id='word_1_34' title='bbox 383 843 599 924; x_wconf 91' lang='lat' dir='ltr'><strong>inpendenda,</strong></span> <span class='ocrx_word' id='word_1_35' title='bbox 624 842 763 903; x_wconf 87' lang='lat' dir='ltr'><strong>florenos</strong></span> <span class='ocrx_word' id='word_1_36' title='bbox 788 842 877 902; x_wconf 93' lang='lat' dir='ltr'><strong>mille</strong></span> <span class='ocrx_word' id='word_1_37' title='bbox 902 843 982 921; x_wconf 89' lang='lat' dir='ltr'><strong>auri,</strong></span> <span class='ocrx_word' id='word_1_38' title='bbox 1007 859 1136 906; x_wconf 91' lang='lat' dir='ltr'><strong>monete</strong></span> <span class='ocrx_word' id='word_1_39' title='bbox 1172 845 1397 926; x_wconf 84' lang='lat' dir='ltr'><strong>hungaricalis,</strong></span> <span class='ocrx_word' id='word_1_40' title='bbox 1432 847 1507 907; x_wconf 91' lang='lat' dir='ltr'><strong>boni</strong></span> 
     </span>
     <span class='ocr_line' id='line_1_7' title="bbox 242 948 1507 1034; baseline 0.004 -26"><span class='ocrx_word' id='word_1_41' title='bbox 242 961 272 1008; x_wconf 92' lang='lat' dir='ltr'><strong>ct</strong></span> <span class='ocrx_word' id='word_1_42' title='bbox 296 949 369 1008; x_wconf 93' lang='lat' dir='ltr'><strong>iusti</strong></span> <span class='ocrx_word' id='word_1_43' title='bbox 394 948 556 1030; x_wconf 91' lang='lat' dir='ltr'><strong>ponderis,</strong></span> <span class='ocrx_word' id='word_1_44' title='bbox 582 949 622 1009; x_wconf 91' lang='lat' dir='ltr'><strong>ad</strong></span> <span class='ocrx_word' id='word_1_45' title='bbox 647 968 740 1009; x_wconf 91' lang='lat' dir='ltr'><strong>usum</strong></span> <span class='ocrx_word' id='word_1_46' title='bbox 765 949 1033 1030; x_wconf 79' lang='lat' dir='ltr'><strong>necessitatesque</strong></span> <span class='ocrx_word' id='word_1_47' title='bbox 1059 965 1089 1011; x_wconf 93' lang='lat' dir='ltr'><strong>et</strong></span> <span class='ocrx_word' id='word_1_48' title='bbox 1114 953 1370 1012; x_wconf 91' lang='lat' dir='ltr'><strong>emolumenturn</strong></span> <span class='ocrx_word' id='word_1_49' title='bbox 1395 972 1507 1034; x_wconf 92' lang='lat' dir='ltr'><strong>perpe-</strong></span> 
     </span>
     <span class='ocr_line' id='line_1_8' title="bbox 240 1053 1507 1135; baseline 0.004 -21"><span class='ocrx_word' id='word_1_50' title='bbox 240 1068 331 1115; x_wconf 93' lang='lat' dir='ltr'><strong>tuum</strong></span> <span class='ocrx_word' id='word_1_51' title='bbox 356 1068 462 1115; x_wconf 91' lang='lat' dir='ltr'><strong>nostre</strong></span> <span class='ocrx_word' id='word_1_52' title='bbox 488 1053 728 1115; x_wconf 82' lang='lat' dir='ltr'><strong>communitatis</strong></span> <span class='ocrx_word' id='word_1_53' title='bbox 752 1054 948 1135; x_wconf 92' lang='lat' dir='ltr'><strong>presentium</strong></span> <span class='ocrx_word' id='word_1_54' title='bbox 973 1055 1099 1117; x_wconf 88' lang='lat' dir='ltr'><strong>scilibet</strong></span> <span class='ocrx_word' id='word_1_55' title='bbox 1114 1056 1262 1117; x_wconf 90' lang='lat' dir='ltr'><strong>omnium</strong></span> <span class='ocrx_word' id='word_1_56' title='bbox 1280 1071 1310 1118; x_wconf 93' lang='lat' dir='ltr'><strong>et</strong></span> <span class='ocrx_word' id='word_1_57' title='bbox 1327 1056 1507 1119; x_wconf 82' lang='lat' dir='ltr'><strong>futurorum</strong></span> 
     </span>
     <span class='ocr_line' id='line_1_9' title="bbox 241 1160 1508 1240; baseline 0.003 -20"><span class='ocrx_word' id='word_1_58' title='bbox 241 1160 542 1236; x_wconf 87' lang='lat' dir='ltr'><strong>Prebendariorum,</strong></span> <span class='ocrx_word' id='word_1_59' title='bbox 566 1178 785 1220; x_wconf 89' lang='lat' dir='ltr'><strong>successorum</strong></span> <span class='ocrx_word' id='word_1_60' title='bbox 811 1173 1005 1237; x_wconf 90' lang='lat' dir='ltr'><strong>nostrorum,</strong></span> <span class='ocrx_word' id='word_1_61' title='bbox 1028 1160 1126 1240; x_wconf 86' lang='lat' dir='ltr'><strong>dedit,</strong></span> <span class='ocrx_word' id='word_1_62' title='bbox 1152 1161 1283 1223; x_wconf 88' lang='lat' dir='ltr'><strong>donavit</strong></span> <span class='ocrx_word' id='word_1_63' title='bbox 1308 1175 1338 1222; x_wconf 92' lang='lat' dir='ltr'><strong>et</strong></span> <span class='ocrx_word' id='word_1_64' title='bbox 1367 1163 1508 1224; x_wconf 80' lang='lat' dir='ltr'><strong>tradidit.</strong></span> 
     </span>
     <span class='ocr_line' id='line_1_10' title="bbox 240 1263 1507 1349; baseline 0.004 -24"><span class='ocrx_word' id='word_1_65' title='bbox 240 1266 394 1327; x_wconf 87' lang='lat' dir='ltr'><strong>Volentes</strong></span> <span class='ocrx_word' id='word_1_66' title='bbox 417 1280 524 1327; x_wconf 94' lang='lat' dir='ltr'><strong>autem</strong></span> <span class='ocrx_word' id='word_1_67' title='bbox 557 1284 616 1326; x_wconf 94' lang='lat' dir='ltr'><strong>nos</strong></span> <span class='ocrx_word' id='word_1_68' title='bbox 648 1263 771 1346; x_wconf 81' lang='lat' dir='ltr'><strong>prelato</strong></span> <span class='ocrx_word' id='word_1_69' title='bbox 803 1265 938 1326; x_wconf 91' lang='lat' dir='ltr'><strong>domino</strong></span> <span class='ocrx_word' id='word_1_70' title='bbox 970 1266 1108 1345; x_wconf 82' lang='lat' dir='ltr'><strong>Andree,</strong></span> <span class='ocrx_word' id='word_1_71' title='bbox 1136 1269 1298 1349; x_wconf 91' lang='lat' dir='ltr'><strong>preposito</strong></span> <span class='ocrx_word' id='word_1_72' title='bbox 1330 1267 1507 1330; x_wconf 86' lang='lat' dir='ltr'><strong>chasmensi</strong></span> 
     </span>
     <span class='ocr_line' id='line_1_11' title="bbox 241 1370 1508 1454; baseline 0.002 -22"><span class='ocrx_word' id='word_1_73' title='bbox 241 1372 272 1432; x_wconf 92' lang='lat' dir='ltr'><strong>in</strong></span> <span class='ocrx_word' id='word_1_74' title='bbox 298 1373 415 1453; x_wconf 91' lang='lat' dir='ltr'><strong>quibus</strong></span> <span class='ocrx_word' id='word_1_75' title='bbox 439 1372 604 1454; x_wconf 85' lang='lat' dir='ltr'><strong>potuimus</strong></span> <span class='ocrx_word' id='word_1_76' title='bbox 628 1390 725 1452; x_wconf 91' lang='lat' dir='ltr'><strong>opera</strong></span> <span class='ocrx_word' id='word_1_77' title='bbox 750 1385 780 1432; x_wconf 94' lang='lat' dir='ltr'><strong>et</strong></span> <span class='ocrx_word' id='word_1_78' title='bbox 811 1370 977 1432; x_wconf 88' lang='lat' dir='ltr'><strong>laboribus</strong></span> <span class='ocrx_word' id='word_1_79' title='bbox 1012 1373 1128 1434; x_wconf 90' lang='lat' dir='ltr'><strong>nostris</strong></span> <span class='ocrx_word' id='word_1_80' title='bbox 1159 1393 1217 1454; x_wconf 94' lang='lat' dir='ltr'><strong>pro</strong></span> <span class='ocrx_word' id='word_1_81' title='bbox 1248 1387 1338 1434; x_wconf 93' lang='lat' dir='ltr'><strong>tanto</strong></span> <span class='ocrx_word' id='word_1_82' title='bbox 1371 1374 1401 1435; x_wconf 93' lang='lat' dir='ltr'><strong>in</strong></span> <span class='ocrx_word' id='word_1_83' title='bbox 1438 1394 1508 1453; x_wconf 93' lang='lat' dir='ltr'><strong>nos,</strong></span> 
     </span>
     <span class='ocr_line' id='line_1_12' title="bbox 240 1475 1507 1561; baseline 0.002 -23"><span class='ocrx_word' id='word_1_84' title='bbox 240 1478 571 1557; x_wconf 88' lang='lat' dir='ltr'><strong>communitatemque</strong></span> <span class='ocrx_word' id='word_1_85' title='bbox 595 1490 735 1537; x_wconf 90' lang='lat' dir='ltr'><strong>nostram</strong></span> <span class='ocrx_word' id='word_1_86' title='bbox 762 1475 917 1537; x_wconf 88' lang='lat' dir='ltr'><strong>beneficio</strong></span> <span class='ocrx_word' id='word_1_87' title='bbox 943 1477 1072 1556; x_wconf 91' lang='lat' dir='ltr'><strong>collato,</strong></span> <span class='ocrx_word' id='word_1_88' title='bbox 1095 1477 1275 1559; x_wconf 85' lang='lat' dir='ltr'><strong>gratificari,</strong></span> <span class='ocrx_word' id='word_1_89' title='bbox 1301 1480 1507 1561; x_wconf 88' lang='lat' dir='ltr'><strong>promisimus</strong></span> 
     </span>
     <span class='ocr_line' id='line_1_13' title="bbox 240 1582 1507 1665; baseline 0.004 -22"><span class='ocrx_word' id='word_1_90' title='bbox 240 1597 270 1644; x_wconf 94' lang='lat' dir='ltr'><strong>et</strong></span> <span class='ocrx_word' id='word_1_91' title='bbox 293 1584 533 1665; x_wconf 82' lang='lat' dir='ltr'><strong>assumpsimus,</strong></span> <span class='ocrx_word' id='word_1_92' title='bbox 558 1582 809 1662; x_wconf 91' lang='lat' dir='ltr'><strong>testimonioque</strong></span> <span class='ocrx_word' id='word_1_93' title='bbox 834 1582 1030 1663; x_wconf 88' lang='lat' dir='ltr'><strong>presentium</strong></span> <span class='ocrx_word' id='word_1_94' title='bbox 1056 1583 1303 1663; x_wconf 89' lang='lat' dir='ltr'><strong>conscienciose‚</strong></span> <span class='ocrx_word' id='word_1_95' title='bbox 1329 1586 1361 1646; x_wconf 95' lang='lat' dir='ltr'><strong>in</strong></span> <span class='ocrx_word' id='word_1_96' title='bbox 1386 1587 1507 1647; x_wconf 94' lang='lat' dir='ltr'><strong>consci-</strong></span> 
     </span>
     <span class='ocr_line' id='line_1_14' title="bbox 240 1671 1508 1772; baseline 0.002 -22"><span class='ocrx_word' id='word_1_97' title='bbox 240 1690 340 1751; x_wconf 91' lang='lat' dir='ltr'><strong>entias</strong></span> <span class='ocrx_word' id='word_1_98' title='bbox 365 1703 487 1750; x_wconf 87' lang='lat' dir='ltr'><strong>nostras</strong></span> <span class='ocrx_word' id='word_1_99' title='bbox 511 1688 733 1765; x_wconf 88' lang='lat' dir='ltr'><strong>sacerdotales,</strong></span> <span class='ocrx_word' id='word_1_100' title='bbox 757 1707 1041 1769; x_wconf 91' lang='lat' dir='ltr'><strong>successorumque</strong></span> <span class='ocrx_word' id='word_1_101' title='bbox 1077 1705 1260 1751; x_wconf 91' lang='lat' dir='ltr'><strong>nostrorum</strong></span> <span class='ocrx_word' id='word_1_102' title='bbox 1288 1671 1508 1772; x_wconf 22' lang='lat' dir='ltr'><strong>&#39;promittimus</strong></span> 
     </span>
     <span class='ocr_line' id='line_1_15' title="bbox 239 1792 1506 1876; baseline 0.002 -20"><span class='ocrx_word' id='word_1_103' title='bbox 239 1809 270 1856; x_wconf 93' lang='lat' dir='ltr'><strong>et</strong></span> <span class='ocrx_word' id='word_1_104' title='bbox 293 1794 543 1876; x_wconf 91' lang='lat' dir='ltr'><strong>assumpmimus</strong></span> <span class='ocrx_word' id='word_1_105' title='bbox 569 1794 731 1875; x_wconf 91' lang='lat' dir='ltr'><strong>perpetuis</strong></span> <span class='ocrx_word' id='word_1_106' title='bbox 755 1792 869 1854; x_wconf 82' lang='lat' dir='ltr'><strong>futuris</strong></span> <span class='ocrx_word' id='word_1_107' title='bbox 891 1795 1091 1876; x_wconf 88' lang='lat' dir='ltr'><strong>temporibus</strong></span> <span class='ocrx_word' id='word_1_108' title='bbox 1123 1796 1267 1876; x_wconf 93' lang='lat' dir='ltr'><strong>qualibet</strong></span> <span class='ocrx_word' id='word_1_109' title='bbox 1299 1796 1351 1857; x_wconf 93' lang='lat' dir='ltr'><strong>die</strong></span> <span class='ocrx_word' id='word_1_110' title='bbox 1388 1798 1419 1858; x_wconf 93' lang='lat' dir='ltr'><strong>in</strong></span> <span class='ocrx_word' id='word_1_111' title='bbox 1453 1800 1506 1859; x_wconf 93' lang='lat' dir='ltr'><strong>eb-</strong></span> 
     </span>
     <span class='ocr_line' id='line_1_16' title="bbox 239 1900 1506 1982; baseline 0.002 -21"><span class='ocrx_word' id='word_1_112' title='bbox 239 1901 378 1961; x_wconf 90' lang='lat' dir='ltr'><strong>domada</strong></span> <span class='ocrx_word' id='word_1_113' title='bbox 403 1919 499 1960; x_wconf 91' lang='lat' dir='ltr'><strong>unam</strong></span> <span class='ocrx_word' id='word_1_114' title='bbox 524 1900 654 1960; x_wconf 91' lang='lat' dir='ltr'><strong>missam</strong></span> <span class='ocrx_word' id='word_1_115' title='bbox 690 1900 721 1960; x_wconf 92' lang='lat' dir='ltr'><strong>in</strong></span> <span class='ocrx_word' id='word_1_116' title='bbox 747 1919 799 1961; x_wconf 92' lang='lat' dir='ltr'><strong>ara</strong></span> <span class='ocrx_word' id='word_1_117' title='bbox 833 1900 1014 1961; x_wconf 88' lang='lat' dir='ltr'><strong>beatissime</strong></span> <span class='ocrx_word' id='word_1_118' title='bbox 1052 1902 1151 1962; x_wconf 90' lang='lat' dir='ltr'><strong>Marie</strong></span> <span class='ocrx_word' id='word_1_119' title='bbox 1188 1902 1331 1982; x_wconf 85' lang='lat' dir='ltr'><strong>virginis,</strong></span> <span class='ocrx_word' id='word_1_120' title='bbox 1357 1903 1387 1963; x_wconf 93' lang='lat' dir='ltr'><strong>in</strong></span> <span class='ocrx_word' id='word_1_121' title='bbox 1424 1903 1506 1965; x_wconf 91' lang='lat' dir='ltr'><strong>dicta</strong></span> 
     </span>
     <span class='ocr_line' id='line_1_17' title="bbox 239 2005 1508 2091; baseline 0.003 -25"><span class='ocrx_word' id='word_1_122' title='bbox 239 2007 370 2068; x_wconf 88' lang='lat' dir='ltr'><strong>ecclesia</strong></span> <span class='ocrx_word' id='word_1_123' title='bbox 394 2006 603 2087; x_wconf 84' lang='lat' dir='ltr'><strong>zagrabiensi,</strong></span> <span class='ocrx_word' id='word_1_124' title='bbox 638 2006 669 2066; x_wconf 91' lang='lat' dir='ltr'><strong>in</strong></span> <span class='ocrx_word' id='word_1_125' title='bbox 703 2005 800 2067; x_wconf 90' lang='lat' dir='ltr'><strong>choro</strong></span> <span class='ocrx_word' id='word_1_126' title='bbox 833 2005 983 2067; x_wconf 87' lang='lat' dir='ltr'><strong>videlicet</strong></span> <span class='ocrx_word' id='word_1_127' title='bbox 1014 2007 1157 2068; x_wconf 89' lang='lat' dir='ltr'><strong>eiusdem</strong></span> <span class='ocrx_word' id='word_1_128' title='bbox 1192 2008 1332 2088; x_wconf 79' lang='lat' dir='ltr'><strong>gloriose</strong></span> <span class='ocrx_word' id='word_1_129' title='bbox 1375 2009 1508 2091; x_wconf 85' lang='lat' dir='ltr'><strong>virginis</strong></span> 
     </span>
     <span class='ocr_line' id='line_1_18' title="bbox 213 2111 1504 2195; baseline 0.002 -22"><span class='ocrx_word' id='word_1_130' title='bbox 213 2126 417 2192; x_wconf 34' lang='lat' dir='ltr'><strong>&#39;constructa</strong></span> <span class='ocrx_word' id='word_1_131' title='bbox 442 2126 472 2172; x_wconf 94' lang='lat' dir='ltr'><strong>et</strong></span> <span class='ocrx_word' id='word_1_132' title='bbox 497 2111 639 2189; x_wconf 83' lang='lat' dir='ltr'><strong>lundata,</strong></span> <span class='ocrx_word' id='word_1_133' title='bbox 663 2113 722 2172; x_wconf 91' lang='lat' dir='ltr'><strong>sub</strong></span> <span class='ocrx_word' id='word_1_134' title='bbox 758 2112 853 2172; x_wconf 89' lang='lat' dir='ltr'><strong>missa</strong></span> <span class='ocrx_word' id='word_1_135' title='bbox 885 2113 1009 2190; x_wconf 91' lang='lat' dir='ltr'><strong>maiori,</strong></span> <span class='ocrx_word' id='word_1_136' title='bbox 1035 2112 1174 2192; x_wconf 82' lang='lat' dir='ltr'><strong>legendo</strong></span> <span class='ocrx_word' id='word_1_137' title='bbox 1204 2113 1320 2186; x_wconf 82' lang='lat' dir='ltr'><strong>dicere,</strong></span> <span class='ocrx_word' id='word_1_138' title='bbox 1354 2113 1504 2195; x_wconf 90' lang='lat' dir='ltr'><strong>perlicere</strong></span> 
     </span>
     <span class='ocr_line' id='line_1_19' title="bbox 238 2217 1506 2298; baseline 0.002 -19"><span class='ocrx_word' id='word_1_139' title='bbox 238 2232 269 2279; x_wconf 93' lang='lat' dir='ltr'><strong>et</strong></span> <span class='ocrx_word' id='word_1_140' title='bbox 292 2218 470 2295; x_wconf 89' lang='lat' dir='ltr'><strong>absolvere,</strong></span> <span class='ocrx_word' id='word_1_141' title='bbox 495 2218 536 2278; x_wconf 90' lang='lat' dir='ltr'><strong>ita</strong></span> <span class='ocrx_word' id='word_1_142' title='bbox 560 2217 711 2278; x_wconf 90' lang='lat' dir='ltr'><strong>videlicet</strong></span> <span class='ocrx_word' id='word_1_143' title='bbox 735 2230 766 2278; x_wconf 93' lang='lat' dir='ltr'><strong>et</strong></span> <span class='ocrx_word' id='word_1_144' title='bbox 788 2218 911 2279; x_wconf 88' lang='lat' dir='ltr'><strong>taliter:</strong></span> <span class='ocrx_word' id='word_1_145' title='bbox 937 2217 1024 2298; x_wconf 92' lang='lat' dir='ltr'><strong>quod</strong></span> <span class='ocrx_word' id='word_1_146' title='bbox 1050 2217 1101 2278; x_wconf 94' lang='lat' dir='ltr'><strong>die</strong></span> <span class='ocrx_word' id='word_1_147' title='bbox 1126 2219 1290 2281; x_wconf 90' lang='lat' dir='ltr'><strong>dominico</strong></span> <span class='ocrx_word' id='word_1_148' title='bbox 1316 2240 1353 2280; x_wconf 86' lang='lat' dir='ltr'><strong>ex</strong></span> <span class='ocrx_word' id='word_1_149' title='bbox 1378 2220 1506 2281; x_wconf 93' lang='lat' dir='ltr'><strong>ordina-</strong></span> 
     </span>
     <span class='ocr_line' id='line_1_20' title="bbox 239 2321 1506 2405; baseline 0.002 -21"><span class='ocrx_word' id='word_1_150' title='bbox 239 2324 326 2385; x_wconf 92' lang='lat' dir='ltr'><strong>tione</strong></span> <span class='ocrx_word' id='word_1_151' title='bbox 360 2338 391 2385; x_wconf 91' lang='lat' dir='ltr'><strong>et</strong></span> <span class='ocrx_word' id='word_1_152' title='bbox 423 2323 625 2404; x_wconf 90' lang='lat' dir='ltr'><strong>beneplacito</strong></span> <span class='ocrx_word' id='word_1_153' title='bbox 661 2321 774 2404; x_wconf 85' lang='lat' dir='ltr'><strong>prelati</strong></span> <span class='ocrx_word' id='word_1_154' title='bbox 810 2323 934 2383; x_wconf 92' lang='lat' dir='ltr'><strong>domini</strong></span> <span class='ocrx_word' id='word_1_155' title='bbox 973 2323 1101 2384; x_wconf 79' lang='lat' dir='ltr'><strong>Andree</strong></span> <span class='ocrx_word' id='word_1_156' title='bbox 1136 2325 1301 2405; x_wconf 86' lang='lat' dir='ltr'><strong>prepositi,</strong></span> <span class='ocrx_word' id='word_1_157' title='bbox 1338 2326 1432 2387; x_wconf 90' lang='lat' dir='ltr'><strong>missa</strong></span> <span class='ocrx_word' id='word_1_158' title='bbox 1466 2326 1506 2387; x_wconf 92' lang='lat' dir='ltr'><strong>de</strong></span> 
     </span>
     <span class='ocr_line' id='line_1_21' title="bbox 236 2429 1506 2512; baseline 0.002 -22"><span class='ocrx_word' id='word_1_159' title='bbox 236 2444 343 2505; x_wconf 62' lang='lat' dir='ltr'><strong>sancta</strong></span> <span class='ocrx_word' id='word_1_160' title='bbox 367 2444 398 2490; x_wconf 91' lang='lat' dir='ltr'><strong>et</strong></span> <span class='ocrx_word' id='word_1_161' title='bbox 411 2429 576 2491; x_wconf 86' lang='lat' dir='ltr'><strong>individua</strong></span> <span class='ocrx_word' id='word_1_162' title='bbox 590 2429 760 2507; x_wconf 86' lang='lat' dir='ltr'><strong>Trinitate,</strong></span> <span class='ocrx_word' id='word_1_163' title='bbox 774 2449 848 2490; x_wconf 89' lang='lat' dir='ltr'><strong>curn</strong></span> <span class='ocrx_word' id='word_1_164' title='bbox 866 2429 1023 2492; x_wconf 89' lang='lat' dir='ltr'><strong>collectis:</strong></span> <span class='ocrx_word' id='word_1_165' title='bbox 1040 2429 1180 2490; x_wconf 88' lang='lat' dir='ltr'><strong>secunda</strong></span> <span class='ocrx_word' id='word_1_166' title='bbox 1197 2430 1236 2490; x_wconf 89' lang='lat' dir='ltr'><strong>de</strong></span> <span class='ocrx_word' id='word_1_167' title='bbox 1254 2432 1345 2492; x_wconf 86' lang='lat' dir='ltr'><strong>beata</strong></span> <span class='ocrx_word' id='word_1_168' title='bbox 1363 2432 1506 2512; x_wconf 86' lang='lat' dir='ltr'><strong>virgine;</strong></span> 
     </span>
     <span class='ocr_line' id='line_1_22' title="bbox 237 2535 1507 2617; baseline 0.002 -21"><span class='ocrx_word' id='word_1_169' title='bbox 237 2536 345 2614; x_wconf 90' lang='lat' dir='ltr'><strong>tercia,</strong></span> <span class='ocrx_word' id='word_1_170' title='bbox 370 2555 428 2617; x_wconf 95' lang='lat' dir='ltr'><strong>pro</strong></span> <span class='ocrx_word' id='word_1_171' title='bbox 453 2535 590 2617; x_wconf 87' lang='lat' dir='ltr'><strong>peccatis</strong></span> <span class='ocrx_word' id='word_1_172' title='bbox 622 2535 847 2615; x_wconf 80' lang='lat' dir='ltr'><strong>indulgendis3</strong></span> <span class='ocrx_word' id='word_1_173' title='bbox 880 2535 972 2596; x_wconf 91' lang='lat' dir='ltr'><strong>Feria</strong></span> <span class='ocrx_word' id='word_1_174' title='bbox 997 2535 1147 2612; x_wconf 91' lang='lat' dir='ltr'><strong>secunda,</strong></span> <span class='ocrx_word' id='word_1_175' title='bbox 1172 2535 1211 2596; x_wconf 93' lang='lat' dir='ltr'><strong>de</strong></span> <span class='ocrx_word' id='word_1_176' title='bbox 1243 2551 1353 2598; x_wconf 92' lang='lat' dir='ltr'><strong>sancto</strong></span> <span class='ocrx_word' id='word_1_177' title='bbox 1376 2536 1507 2598; x_wconf 83' lang='lat' dir='ltr'><strong>Andrea</strong></span> 
     </span>
     <span class='ocr_line' id='line_1_23' title="bbox 240 2641 1509 2723; baseline 0 -20"><span class='ocrx_word' id='word_1_178' title='bbox 240 2642 399 2723; x_wconf 89' lang='lat' dir='ltr'><strong>apostolo,</strong></span> <span class='ocrx_word' id='word_1_179' title='bbox 424 2641 571 2703; x_wconf 92' lang='lat' dir='ltr'><strong>similiter</strong></span> <span class='ocrx_word' id='word_1_180' title='bbox 595 2660 668 2702; x_wconf 91' lang='lat' dir='ltr'><strong>cum</strong></span> <span class='ocrx_word' id='word_1_181' title='bbox 695 2641 856 2702; x_wconf 88' lang='lat' dir='ltr'><strong>collectis:</strong></span> <span class='ocrx_word' id='word_1_182' title='bbox 891 2641 1032 2702; x_wconf 88' lang='lat' dir='ltr'><strong>secunda</strong></span> <span class='ocrx_word' id='word_1_183' title='bbox 1056 2641 1094 2701; x_wconf 92' lang='lat' dir='ltr'><strong>de</strong></span> <span class='ocrx_word' id='word_1_184' title='bbox 1120 2642 1212 2702; x_wconf 88' lang='lat' dir='ltr'><strong>beata</strong></span> <span class='ocrx_word' id='word_1_185' title='bbox 1244 2643 1379 2722; x_wconf 87' lang='lat' dir='ltr'><strong>virgine,</strong></span> <span class='ocrx_word' id='word_1_186' title='bbox 1411 2642 1509 2703; x_wconf 91' lang='lat' dir='ltr'><strong>tercia</strong></span> 
     </span>
     <span class='ocr_line' id='line_1_24' title="bbox 238 2746 1506 2829; baseline 0.001 -21"><span class='ocrx_word' id='word_1_187' title='bbox 238 2766 298 2829; x_wconf 91' lang='lat' dir='ltr'><strong>pro</strong></span> <span class='ocrx_word' id='word_1_188' title='bbox 323 2746 494 2829; x_wconf 92' lang='lat' dir='ltr'><strong>poscendis</strong></span> <span class='ocrx_word' id='word_1_189' title='bbox 517 2746 675 2827; x_wconf 80' lang='lat' dir='ltr'><strong>suffragiis</strong></span> <span class='ocrx_word' id='word_1_190' title='bbox 698 2760 898 2808; x_wconf 89' lang='lat' dir='ltr'><strong>sanctorum:</strong></span> <span class='ocrx_word' id='word_1_191' title='bbox 924 2746 1076 2809; x_wconf 92' lang='lat' dir='ltr'><strong>Concede</strong></span> <span class='ocrx_word' id='word_1_192' title='bbox 1101 2766 1276 2827; x_wconf 91' lang='lat' dir='ltr'><strong>quesumus</strong></span> <span class='ocrx_word' id='word_1_193' title='bbox 1300 2748 1506 2829; x_wconf 90' lang='lat' dir='ltr'><strong>omnipotens</strong></span> 
     </span>
     <span class='ocr_line' id='line_1_25' title="bbox 235 2852 1506 2936; baseline 0.002 -22"><span class='ocrx_word' id='word_1_194' title='bbox 235 2853 316 2914; x_wconf 85' lang='lat' dir='ltr'><strong>deus</strong></span> <span class='ocrx_word' id='word_1_195' title='bbox 342 2867 376 2914; x_wconf 90' lang='lat' dir='ltr'><strong>ut</strong></span> <span class='ocrx_word' id='word_1_196' title='bbox 402 2853 585 2914; x_wconf 90' lang='lat' dir='ltr'><strong>intercessio</strong></span> <span class='ocrx_word' id='word_1_197' title='bbox 610 2871 669 2914; x_wconf 91' lang='lat' dir='ltr'><strong>nos</strong></span> <span class='ocrx_word' id='word_1_198' title='bbox 693 2865 799 2914; x_wconf 91' lang='lat' dir='ltr'><strong>sancte</strong></span> <span class='ocrx_word' id='word_1_199' title='bbox 824 2853 874 2913; x_wconf 94' lang='lat' dir='ltr'><strong>dei</strong></span> <span class='ocrx_word' id='word_1_200' title='bbox 906 2852 1088 2933; x_wconf 78' lang='lat' dir='ltr'><strong>genitricis;</strong></span> <span class='ocrx_word' id='word_1_201' title='bbox 1114 2853 1205 2914; x_wconf 87' lang='lat' dir='ltr'><strong>Feria</strong></span> <span class='ocrx_word' id='word_1_202' title='bbox 1239 2854 1334 2914; x_wconf 89' lang='lat' dir='ltr'><strong>tercia</strong></span> <span class='ocrx_word' id='word_1_203' title='bbox 1359 2874 1417 2936; x_wconf 93' lang='lat' dir='ltr'><strong>pro</strong></span> <span class='ocrx_word' id='word_1_204' title='bbox 1450 2853 1506 2916; x_wconf 91' lang='lat' dir='ltr'><strong>de-</strong></span> 
     </span>
     <span class='ocr_line' id='line_1_26' title="bbox 236 2957 1505 3040; baseline 0.002 -20"><span class='ocrx_word' id='word_1_205' title='bbox 236 2957 363 3037; x_wconf 85' lang='lat' dir='ltr'><strong>functis,</strong></span> <span class='ocrx_word' id='word_1_206' title='bbox 377 2979 451 3020; x_wconf 92' lang='lat' dir='ltr'><strong>cum</strong></span> <span class='ocrx_word' id='word_1_207' title='bbox 477 2959 637 3035; x_wconf 82' lang='lat' dir='ltr'><strong>collectis3</strong></span> <span class='ocrx_word' id='word_1_208' title='bbox 651 2959 753 3040; x_wconf 90' lang='lat' dir='ltr'><strong>prima</strong></span> <span class='ocrx_word' id='word_1_209' title='bbox 766 2977 773 3018; x_wconf 96' lang='lat'><strong>:</strong></span> <span class='ocrx_word' id='word_1_210' title='bbox 788 2959 886 3036; x_wconf 91' lang='lat' dir='ltr'><strong>Deus,</strong></span> <span class='ocrx_word' id='word_1_211' title='bbox 900 2959 954 3040; x_wconf 93' lang='lat' dir='ltr'><strong>qui</strong></span> <span class='ocrx_word' id='word_1_212' title='bbox 980 2979 1038 3021; x_wconf 94' lang='lat' dir='ltr'><strong>nos</strong></span> <span class='ocrx_word' id='word_1_213' title='bbox 1051 2972 1172 3040; x_wconf 91' lang='lat' dir='ltr'><strong>patrem</strong></span> <span class='ocrx_word' id='word_1_214' title='bbox 1186 2973 1216 3020; x_wconf 94' lang='lat' dir='ltr'><strong>et</strong></span> <span class='ocrx_word' id='word_1_215' title='bbox 1230 2973 1380 3036; x_wconf 76' lang='lat' dir='ltr'><strong>matrem:</strong></span> <span class='ocrx_word' id='word_1_216' title='bbox 1393 2980 1505 3022; x_wconf 91' lang='lat' dir='ltr'><strong>secun-</strong></span> 
     </span>
     <span class='ocr_line' id='line_1_27' title="bbox 234 3064 1504 3162; baseline -0.001 -35"><span class='ocrx_word' id='word_1_217' title='bbox 234 3065 283 3127; x_wconf 94' lang='lat' dir='ltr'><strong>da:</strong></span> <span class='ocrx_word' id='word_1_218' title='bbox 304 3066 403 3143; x_wconf 90' lang='lat' dir='ltr'><strong>Deus,</strong></span> <span class='ocrx_word' id='word_1_219' title='bbox 415 3066 507 3127; x_wconf 89' lang='lat' dir='ltr'><strong>venie</strong></span> <span class='ocrx_word' id='word_1_220' title='bbox 527 3065 677 3147; x_wconf 80' lang='lat' dir='ltr'><strong>largitor;</strong></span> <span class='ocrx_word' id='word_1_221' title='bbox 694 3065 806 3127; x_wconf 90' lang='lat' dir='ltr'><strong>tercia:</strong></span> <span class='ocrx_word' id='word_1_222' title='bbox 826 3065 988 3126; x_wconf 86' lang='lat' dir='ltr'><strong>Fidelium</strong></span> <span class='ocrx_word' id='word_1_223' title='bbox 1007 3064 1094 3162; x_wconf 76' lang='lat' dir='ltr'><strong>Deus</strong></span> <span class='ocrx_word' id='word_1_224' title='bbox 1109 3065 1504 3158; x_wconf 58' lang='lat' dir='ltr'><strong>omniumFeriaquarta,</strong></span> 
     </span>
     <span class='ocr_line' id='line_1_28' title="bbox 235 3170 1501 3254; baseline -0.002 -20"><span class='ocrx_word' id='word_1_225' title='bbox 235 3192 293 3254; x_wconf 92' lang='lat' dir='ltr'><strong>pro</strong></span> <span class='ocrx_word' id='word_1_226' title='bbox 318 3173 464 3254; x_wconf 83' lang='lat' dir='ltr'><strong>peccatis,</strong></span> <span class='ocrx_word' id='word_1_227' title='bbox 488 3191 561 3232; x_wconf 91' lang='lat' dir='ltr'><strong>curn</strong></span> <span class='ocrx_word' id='word_1_228' title='bbox 586 3171 745 3232; x_wconf 90' lang='lat' dir='ltr'><strong>collectis:</strong></span> <span class='ocrx_word' id='word_1_229' title='bbox 778 3170 928 3248; x_wconf 88' lang='lat' dir='ltr'><strong>secunda,</strong></span> <span class='ocrx_word' id='word_1_230' title='bbox 953 3171 992 3231; x_wconf 91' lang='lat' dir='ltr'><strong>de</strong></span> <span class='ocrx_word' id='word_1_231' title='bbox 1028 3172 1119 3232; x_wconf 88' lang='lat' dir='ltr'><strong>beata</strong></span> <span class='ocrx_word' id='word_1_232' title='bbox 1151 3171 1294 3251; x_wconf 81' lang='lat' dir='ltr'><strong>virgine3</strong></span> <span class='ocrx_word' id='word_1_233' title='bbox 1329 3172 1433 3239; x_wconf 54' lang='lat' dir='ltr'><strong>tercia,</strong></span> <span class='ocrx_word' id='word_1_234' title='bbox 1460 3170 1501 3232; x_wconf 93' lang='lat' dir='ltr'><strong>de</strong></span> 
     </span>
     <span class='ocr_line' id='line_1_29' title="bbox 234 3276 1500 3360; baseline -0.001 -20"><span class='ocrx_word' id='word_1_235' title='bbox 234 3279 381 3360; x_wconf 90' lang='lat' dir='ltr'><strong>passione</strong></span> <span class='ocrx_word' id='word_1_236' title='bbox 407 3278 535 3339; x_wconf 88' lang='lat' dir='ltr'><strong>Christi.</strong></span> <span class='ocrx_word' id='word_1_237' title='bbox 551 3278 642 3339; x_wconf 86' lang='lat' dir='ltr'><strong>Feria</strong></span> <span class='ocrx_word' id='word_1_238' title='bbox 667 3278 788 3358; x_wconf 92' lang='lat' dir='ltr'><strong>quinta,</strong></span> <span class='ocrx_word' id='word_1_239' title='bbox 801 3277 841 3337; x_wconf 91' lang='lat' dir='ltr'><strong>de</strong></span> <span class='ocrx_word' id='word_1_240' title='bbox 855 3296 988 3359; x_wconf 90' lang='lat' dir='ltr'><strong>corpore</strong></span> <span class='ocrx_word' id='word_1_241' title='bbox 1002 3276 1131 3355; x_wconf 90' lang='lat' dir='ltr'><strong>Christi,</strong></span> <span class='ocrx_word' id='word_1_242' title='bbox 1150 3277 1329 3355; x_wconf 60' lang='lat' dir='ltr'><strong>›Cibaria‹</strong></span> <span class='ocrx_word' id='word_1_243' title='bbox 1350 3277 1500 3339; x_wconf 89' lang='lat' dir='ltr'><strong>similiter</strong></span> 
     </span>
     <span class='ocr_line' id='line_1_30' title="bbox 236 3383 1502 3465; baseline -0.002 -18"><span class='ocrx_word' id='word_1_244' title='bbox 236 3405 307 3447; x_wconf 91' lang='lat' dir='ltr'><strong>cum</strong></span> <span class='ocrx_word' id='word_1_245' title='bbox 333 3385 491 3446; x_wconf 90' lang='lat' dir='ltr'><strong>collectis:</strong></span> <span class='ocrx_word' id='word_1_246' title='bbox 524 3384 663 3445; x_wconf 90' lang='lat' dir='ltr'><strong>secunda</strong></span> <span class='ocrx_word' id='word_1_247' title='bbox 696 3384 735 3445; x_wconf 93' lang='lat' dir='ltr'><strong>de</strong></span> <span class='ocrx_word' id='word_1_248' title='bbox 771 3386 863 3446; x_wconf 90' lang='lat' dir='ltr'><strong>beata</strong></span> <span class='ocrx_word' id='word_1_249' title='bbox 895 3383 1036 3465; x_wconf 79' lang='lat' dir='ltr'><strong>virgine;</strong></span> <span class='ocrx_word' id='word_1_250' title='bbox 1073 3384 1169 3444; x_wconf 90' lang='lat' dir='ltr'><strong>tercia</strong></span> <span class='ocrx_word' id='word_1_251' title='bbox 1205 3383 1244 3444; x_wconf 92' lang='lat' dir='ltr'><strong>de</strong></span> <span class='ocrx_word' id='word_1_252' title='bbox 1277 3397 1386 3444; x_wconf 92' lang='lat' dir='ltr'><strong>sancto</strong></span> <span class='ocrx_word' id='word_1_253' title='bbox 1424 3402 1502 3465; x_wconf 84' lang='lat' dir='ltr'><strong>rege</strong></span> 
     </span>
     <span class='ocr_line' id='line_1_31' title="bbox 235 3488 1501 3573; baseline -0.002 -21"><span class='ocrx_word' id='word_1_254' title='bbox 235 3491 408 3573; x_wconf 84' lang='lat' dir='ltr'><strong>Stephano.</strong></span> <span class='ocrx_word' id='word_1_255' title='bbox 434 3490 524 3551; x_wconf 91' lang='lat' dir='ltr'><strong>Feria</strong></span> <span class='ocrx_word' id='word_1_256' title='bbox 548 3504 644 3568; x_wconf 85' lang='lat' dir='ltr'><strong>sexta,</strong></span> <span class='ocrx_word' id='word_1_257' title='bbox 656 3490 695 3551; x_wconf 93' lang='lat' dir='ltr'><strong>de</strong></span> <span class='ocrx_word' id='word_1_258' title='bbox 719 3490 865 3571; x_wconf 90' lang='lat' dir='ltr'><strong>passione</strong></span> <span class='ocrx_word' id='word_1_259' title='bbox 886 3489 1009 3550; x_wconf 90' lang='lat' dir='ltr'><strong>domini</strong></span> <span class='ocrx_word' id='word_1_260' title='bbox 1036 3488 1282 3567; x_wconf 79' lang='lat' dir='ltr'><strong>›Humiliavit‹,</strong></span> <span class='ocrx_word' id='word_1_261' title='bbox 1299 3489 1400 3550; x_wconf 91' lang='lat' dir='ltr'><strong>eciam</strong></span> <span class='ocrx_word' id='word_1_262' title='bbox 1426 3508 1501 3550; x_wconf 91' lang='lat' dir='ltr'><strong>curn</strong></span> 
     </span>
     <span class='ocr_line' id='line_1_32' title="bbox 236 3594 1503 3677; baseline -0.001 -21"><span class='ocrx_word' id='word_1_263' title='bbox 236 3596 393 3657; x_wconf 89' lang='lat' dir='ltr'><strong>collectis:</strong></span> <span class='ocrx_word' id='word_1_264' title='bbox 419 3596 558 3658; x_wconf 88' lang='lat' dir='ltr'><strong>secunda</strong></span> <span class='ocrx_word' id='word_1_265' title='bbox 583 3596 622 3656; x_wconf 92' lang='lat' dir='ltr'><strong>de</strong></span> <span class='ocrx_word' id='word_1_266' title='bbox 647 3597 738 3658; x_wconf 90' lang='lat' dir='ltr'><strong>beata</strong></span> <span class='ocrx_word' id='word_1_267' title='bbox 762 3597 904 3677; x_wconf 85' lang='lat' dir='ltr'><strong>virgine;</strong></span> <span class='ocrx_word' id='word_1_268' title='bbox 938 3596 1034 3657; x_wconf 92' lang='lat' dir='ltr'><strong>tercia</strong></span> <span class='ocrx_word' id='word_1_269' title='bbox 1067 3614 1125 3677; x_wconf 92' lang='lat' dir='ltr'><strong>pro</strong></span> <span class='ocrx_word' id='word_1_270' title='bbox 1157 3596 1304 3676; x_wconf 88' lang='lat' dir='ltr'><strong>peccatis.</strong></span> <span class='ocrx_word' id='word_1_271' title='bbox 1339 3594 1503 3656; x_wconf 88' lang='lat' dir='ltr'><strong>Sabbatho</strong></span> 
     </span>
     <span class='ocr_line' id='line_1_33' title="bbox 221 3701 1561 3784; baseline 0 -23"><span class='ocrx_word' id='word_1_272' title='bbox 221 3701 375 3782; x_wconf 84' lang='lat' dir='ltr'><strong>‚denique</strong></span> <span class='ocrx_word' id='word_1_273' title='bbox 400 3702 439 3763; x_wconf 93' lang='lat' dir='ltr'><strong>de</strong></span> <span class='ocrx_word' id='word_1_274' title='bbox 475 3702 693 3784; x_wconf 86' lang='lat' dir='ltr'><strong>assumptione</strong></span> <span class='ocrx_word' id='word_1_275' title='bbox 733 3703 832 3763; x_wconf 89' lang='lat' dir='ltr'><strong>Marie</strong></span> <span class='ocrx_word' id='word_1_276' title='bbox 868 3701 1000 3782; x_wconf 87' lang='lat' dir='ltr'><strong>virginis</strong></span> <span class='ocrx_word' id='word_1_277' title='bbox 1037 3701 1187 3782; x_wconf 85' lang='lat' dir='ltr'><strong>gloriose,</strong></span> <span class='ocrx_word' id='word_1_278' title='bbox 1227 3721 1300 3762; x_wconf 93' lang='lat' dir='ltr'><strong>curn</strong></span> <span class='ocrx_word' id='word_1_279' title='bbox 1340 3701 1502 3776; x_wconf 63' lang='lat' dir='ltr'><strong>collectis:</strong></span> <span class='ocrx_word' id='word_1_280' title='bbox 1560 3770 1561 3773; x_wconf 8' lang='grc' dir='ltr'><strong>Ἴ</strong></span> 
     </span>
     <span class='ocr_line' id='line_1_34' title="bbox 234 3805 1503 3894; baseline 0.001 -28"><span class='ocrx_word' id='word_1_281' title='bbox 234 3806 372 3866; x_wconf 90' lang='lat' dir='ltr'><strong>secunda</strong></span> <span class='ocrx_word' id='word_1_282' title='bbox 412 3806 451 3867; x_wconf 90' lang='lat' dir='ltr'><strong>de</strong></span> <span class='ocrx_word' id='word_1_283' title='bbox 500 3807 647 3888; x_wconf 88' lang='lat' dir='ltr'><strong>passione</strong></span> <span class='ocrx_word' id='word_1_284' title='bbox 695 3806 837 3894; x_wconf 86' lang='lat' dir='ltr'><strong>domini;</strong></span> <span class='ocrx_word' id='word_1_285' title='bbox 877 3807 973 3869; x_wconf 91' lang='lat' dir='ltr'><strong>tercia</strong></span> <span class='ocrx_word' id='word_1_286' title='bbox 1019 3807 1058 3868; x_wconf 92' lang='lat' dir='ltr'><strong>de</strong></span> <span class='ocrx_word' id='word_1_287' title='bbox 1093 3806 1351 3892; x_wconf 72' lang='lat' dir='ltr'><strong>¹quatuordecim</strong></span> <span class='ocrx_word' id='word_1_288' title='bbox 1387 3805 1503 3867; x_wconf 82' lang='lat' dir='ltr'><strong>auxili·</strong></span> 
     </span>
     <span class='ocr_line' id='line_1_35' title="bbox 235 3911 1502 3994; baseline 0.002 -23"><span class='ocrx_word' id='word_1_289' title='bbox 235 3912 393 3986; x_wconf 77' lang='lat' dir='ltr'><strong>moribus:</strong></span> <span class='ocrx_word' id='word_1_290' title='bbox 443 3925 554 3993; x_wconf 91' lang='lat' dir='ltr'><strong>quarta</strong></span> <span class='ocrx_word' id='word_1_291' title='bbox 601 3932 658 3993; x_wconf 96' lang='lat' dir='ltr'><strong>pro</strong></span> <span class='ocrx_word' id='word_1_292' title='bbox 705 3914 890 3993; x_wconf 89' lang='lat' dir='ltr'><strong>parentibus</strong></span> <span class='ocrx_word' id='word_1_293' title='bbox 921 3928 952 3973; x_wconf 93' lang='lat' dir='ltr'><strong>et</strong></span> <span class='ocrx_word' id='word_1_294' title='bbox 997 3913 1119 3994; x_wconf 88' lang='lat' dir='ltr'><strong>quinta,</strong></span> <span class='ocrx_word' id='word_1_295' title='bbox 1152 3932 1210 3993; x_wconf 93' lang='lat' dir='ltr'><strong>pro</strong></span> <span class='ocrx_word' id='word_1_296' title='bbox 1251 3912 1399 3994; x_wconf 88' lang='lat' dir='ltr'><strong>peccatis.</strong></span> <span class='ocrx_word' id='word_1_297' title='bbox 1445 3911 1502 3990; x_wconf 92' lang='lat' dir='ltr'><strong>lta,</strong></span> 
     </span>
     <span class='ocr_line' id='line_1_36' title="bbox 235 4016 1499 4099; baseline 0.001 -22"><span class='ocrx_word' id='word_1_298' title='bbox 235 4017 322 4096; x_wconf 92' lang='lat' dir='ltr'><strong>quod</strong></span> <span class='ocrx_word' id='word_1_299' title='bbox 350 4018 407 4078; x_wconf 92' lang='lat' dir='ltr'><strong>iste</strong></span> <span class='ocrx_word' id='word_1_300' title='bbox 432 4018 494 4078; x_wconf 91' lang='lat' dir='ltr'><strong>due</strong></span> <span class='ocrx_word' id='word_1_301' title='bbox 519 4017 631 4078; x_wconf 92' lang='lat' dir='ltr'><strong>ultime</strong></span> <span class='ocrx_word' id='word_1_302' title='bbox 656 4018 800 4095; x_wconf 89' lang='lat' dir='ltr'><strong>collecte,</strong></span> <span class='ocrx_word' id='word_1_303' title='bbox 825 4033 935 4099; x_wconf 88' lang='lat' dir='ltr'><strong>quarta</strong></span> <span class='ocrx_word' id='word_1_304' title='bbox 969 4018 1089 4079; x_wconf 90' lang='lat' dir='ltr'><strong>scilicet</strong></span> <span class='ocrx_word' id='word_1_305' title='bbox 1120 4032 1150 4079; x_wconf 89' lang='lat' dir='ltr'><strong>et</strong></span> <span class='ocrx_word' id='word_1_306' title='bbox 1181 4018 1293 4099; x_wconf 88' lang='lat' dir='ltr'><strong>quinta</strong></span> <span class='ocrx_word' id='word_1_307' title='bbox 1324 4016 1499 4079; x_wconf 90' lang='lat' dir='ltr'><strong>inmediate</strong></span> 
     </span>
     <span class='ocr_line' id='line_1_37' title="bbox 234 4123 1502 4206; baseline 0.002 -23"><span class='ocrx_word' id='word_1_308' title='bbox 234 4125 416 4206; x_wconf 89' lang='lat' dir='ltr'><strong>prescripte,</strong></span> <span class='ocrx_word' id='word_1_309' title='bbox 429 4144 484 4185; x_wconf 87' lang='lat' dir='ltr'><strong>sua</strong></span> <span class='ocrx_word' id='word_1_310' title='bbox 509 4124 729 4185; x_wconf 90' lang='lat' dir='ltr'><strong>dominatione</strong></span> <span class='ocrx_word' id='word_1_311' title='bbox 755 4124 918 4185; x_wconf 85' lang='lat' dir='ltr'><strong>dumtaxat</strong></span> <span class='ocrx_word' id='word_1_312' title='bbox 931 4125 1069 4202; x_wconf 89' lang='lat' dir='ltr'><strong>vivente,</strong></span> <span class='ocrx_word' id='word_1_313' title='bbox 1081 4125 1362 4185; x_wconf 90' lang='lat' dir='ltr'><strong>continuabuntur.</strong></span> <span class='ocrx_word' id='word_1_314' title='bbox 1372 4123 1450 4186; x_wconf 89' lang='lat' dir='ltr'><strong>Item</strong></span> <span class='ocrx_word' id='word_1_315' title='bbox 1469 4124 1502 4185; x_wconf 92' lang='lat' dir='ltr'><strong>in</strong></span> 
     </span>
     <span class='ocr_line' id='line_1_38' title="bbox 235 4228 1502 4311; baseline 0.001 -22"><span class='ocrx_word' id='word_1_316' title='bbox 235 4228 458 4290; x_wconf 84' lang='lat' dir='ltr'><strong>festivitatibus</strong></span> <span class='ocrx_word' id='word_1_317' title='bbox 481 4229 663 4290; x_wconf 89' lang='lat' dir='ltr'><strong>beatissime</strong></span> <span class='ocrx_word' id='word_1_318' title='bbox 688 4230 788 4290; x_wconf 91' lang='lat' dir='ltr'><strong>Marie</strong></span> <span class='ocrx_word' id='word_1_319' title='bbox 814 4230 945 4310; x_wconf 87' lang='lat' dir='ltr'><strong>virginis</strong></span> <span class='ocrx_word' id='word_1_320' title='bbox 980 4250 1081 4311; x_wconf 93' lang='lat' dir='ltr'><strong>usque</strong></span> <span class='ocrx_word' id='word_1_321' title='bbox 1112 4230 1152 4290; x_wconf 91' lang='lat' dir='ltr'><strong>ad</strong></span> <span class='ocrx_word' id='word_1_322' title='bbox 1186 4244 1314 4291; x_wconf 83' lang='lat' dir='ltr'><strong>octavas</strong></span> <span class='ocrx_word' id='word_1_323' title='bbox 1345 4228 1502 4290; x_wconf 90' lang='lat' dir='ltr'><strong>inclusive</strong></span> 
     </span>
     <span class='ocr_line' id='line_1_39' title="bbox 234 4334 1501 4416; baseline 0 -21"><span class='ocrx_word' id='word_1_324' title='bbox 234 4335 419 4396; x_wconf 87' lang='lat' dir='ltr'><strong>earumdem</strong></span> <span class='ocrx_word' id='word_1_325' title='bbox 453 4334 660 4396; x_wconf 79' lang='lat' dir='ltr'><strong>festivitatum</strong></span> <span class='ocrx_word' id='word_1_326' title='bbox 693 4348 724 4396; x_wconf 92' lang='lat' dir='ltr'><strong>et</strong></span> <span class='ocrx_word' id='word_1_327' title='bbox 755 4336 787 4396; x_wconf 92' lang='lat' dir='ltr'><strong>in</strong></span> <span class='ocrx_word' id='word_1_328' title='bbox 822 4336 893 4396; x_wconf 88' lang='lat' dir='ltr'><strong>aliis</strong></span> <span class='ocrx_word' id='word_1_329' title='bbox 924 4350 1028 4396; x_wconf 94' lang='lat' dir='ltr'><strong>totum</strong></span> <span class='ocrx_word' id='word_1_330' title='bbox 1064 4335 1264 4397; x_wconf 90' lang='lat' dir='ltr'><strong>solemnibus</strong></span> <span class='ocrx_word' id='word_1_331' title='bbox 1300 4354 1426 4416; x_wconf 90' lang='lat' dir='ltr'><strong>semper</strong></span> <span class='ocrx_word' id='word_1_332' title='bbox 1462 4335 1501 4395; x_wconf 93' lang='lat' dir='ltr'><strong>de</strong></span> 
     </span>
     <span class='ocr_line' id='line_1_40' title="bbox 233 4439 1501 4524; baseline 0 -24"><span class='ocrx_word' id='word_1_333' title='bbox 233 4439 313 4502; x_wconf 79' lang='lat' dir='ltr'><strong>festo</strong></span> <span class='ocrx_word' id='word_1_334' title='bbox 338 4461 411 4502; x_wconf 94' lang='lat' dir='ltr'><strong>curn</strong></span> <span class='ocrx_word' id='word_1_335' title='bbox 436 4441 577 4502; x_wconf 90' lang='lat' dir='ltr'><strong>collectis</strong></span> <span class='ocrx_word' id='word_1_336' title='bbox 601 4455 632 4502; x_wconf 86' lang='lat' dir='ltr'><strong>et</strong></span> <span class='ocrx_word' id='word_1_337' title='bbox 656 4441 856 4502; x_wconf 91' lang='lat' dir='ltr'><strong>orationibus</strong></span> <span class='ocrx_word' id='word_1_338' title='bbox 877 4442 1025 4503; x_wconf 90' lang='lat' dir='ltr'><strong>secundis</strong></span> <span class='ocrx_word' id='word_1_339' title='bbox 1043 4456 1073 4504; x_wconf 92' lang='lat' dir='ltr'><strong>et</strong></span> <span class='ocrx_word' id='word_1_340' title='bbox 1089 4442 1195 4503; x_wconf 92' lang='lat' dir='ltr'><strong>terciis</strong></span> <span class='ocrx_word' id='word_1_341' title='bbox 1211 4440 1442 4524; x_wconf 88' lang='lat' dir='ltr'><strong>prenominatis</strong></span> <span class='ocrx_word' id='word_1_342' title='bbox 1459 4439 1501 4502; x_wconf 91' lang='lat' dir='ltr'><strong>ad</strong></span> 
     </span>
     <span class='ocr_line' id='line_1_41' title="bbox 233 4545 1501 4628; baseline 0.002 -22"><span class='ocrx_word' id='word_1_343' title='bbox 233 4546 300 4608; x_wconf 91' lang='lat' dir='ltr'><strong>dies</strong></span> <span class='ocrx_word' id='word_1_344' title='bbox 323 4566 398 4609; x_wconf 91' lang='lat' dir='ltr'><strong>suos</strong></span> <span class='ocrx_word' id='word_1_345' title='bbox 422 4560 589 4628; x_wconf 88' lang='lat' dir='ltr'><strong>pretactos,</strong></span> <span class='ocrx_word' id='word_1_346' title='bbox 613 4545 798 4607; x_wconf 90' lang='lat' dir='ltr'><strong>huiusmodi</strong></span> <span class='ocrx_word' id='word_1_347' title='bbox 816 4547 945 4607; x_wconf 89' lang='lat' dir='ltr'><strong>missam</strong></span> <span class='ocrx_word' id='word_1_348' title='bbox 964 4547 1110 4627; x_wconf 90' lang='lat' dir='ltr'><strong>quotidie</strong></span> <span class='ocrx_word' id='word_1_349' title='bbox 1136 4547 1279 4609; x_wconf 89' lang='lat' dir='ltr'><strong>dicemus</strong></span> <span class='ocrx_word' id='word_1_350' title='bbox 1303 4560 1334 4608; x_wconf 93' lang='lat' dir='ltr'><strong>et</strong></span> <span class='ocrx_word' id='word_1_351' title='bbox 1359 4545 1501 4608; x_wconf 88' lang='lat' dir='ltr'><strong>celebra·</strong></span> 
     </span>
     <span class='ocr_line' id='line_1_42' title="bbox 233 4652 1502 4734; baseline 0.003 -22"><span class='ocrx_word' id='word_1_352' title='bbox 233 4653 338 4714; x_wconf 90' lang='lat' dir='ltr'><strong>bimus</strong></span> <span class='ocrx_word' id='word_1_353' title='bbox 373 4667 403 4714; x_wconf 89' lang='lat' dir='ltr'><strong>et</strong></span> <span class='ocrx_word' id='word_1_354' title='bbox 444 4652 505 4713; x_wconf 90' lang='lat' dir='ltr'><strong>hoc</strong></span> <span class='ocrx_word' id='word_1_355' title='bbox 539 4652 731 4734; x_wconf 89' lang='lat' dir='ltr'><strong>pollicemur</strong></span> <span class='ocrx_word' id='word_1_356' title='bbox 768 4665 799 4712; x_wconf 92' lang='lat' dir='ltr'><strong>et</strong></span> <span class='ocrx_word' id='word_1_357' title='bbox 836 4653 1053 4734; x_wconf 89' lang='lat' dir='ltr'><strong>promittimus</strong></span> <span class='ocrx_word' id='word_1_358' title='bbox 1085 4653 1228 4714; x_wconf 84' lang='lat' dir='ltr'><strong>effective</strong></span> <span class='ocrx_word' id='word_1_359' title='bbox 1261 4655 1430 4715; x_wconf 89' lang='lat' dir='ltr'><strong>observare</strong></span> <span class='ocrx_word' id='word_1_360' title='bbox 1470 4667 1502 4716; x_wconf 90' lang='lat' dir='ltr'><strong>et</strong></span> 
     </span>
     <span class='ocr_line' id='line_1_43' title="bbox 232 4756 1498 4841; baseline 0.002 -23"><span class='ocrx_word' id='word_1_361' title='bbox 232 4758 408 4841; x_wconf 87' lang='lat' dir='ltr'><strong>adimplere</strong></span> <span class='ocrx_word' id='word_1_362' title='bbox 432 4756 532 4819; x_wconf 93' lang='lat' dir='ltr'><strong>modo</strong></span> <span class='ocrx_word' id='word_1_363' title='bbox 567 4759 722 4840; x_wconf 89' lang='lat' dir='ltr'><strong>premisso</strong></span> <span class='ocrx_word' id='word_1_364' title='bbox 746 4758 908 4839; x_wconf 89' lang='lat' dir='ltr'><strong>perpetuis</strong></span> <span class='ocrx_word' id='word_1_365' title='bbox 931 4757 1045 4819; x_wconf 79' lang='lat' dir='ltr'><strong>futuris</strong></span> <span class='ocrx_word' id='word_1_366' title='bbox 1070 4759 1279 4841; x_wconf 89' lang='lat' dir='ltr'><strong>temporibus.</strong></span> <span class='ocrx_word' id='word_1_367' title='bbox 1305 4758 1375 4820; x_wconf 88' lang='lat' dir='ltr'><strong>Hoc</strong></span> <span class='ocrx_word' id='word_1_368' title='bbox 1397 4757 1498 4820; x_wconf 88' lang='lat' dir='ltr'><strong>adici-</strong></span> 
     </span>
    </p>
   </div>
   <div class='ocr_carea' id='block_1_4' title="bbox 0 0 1740 5242">
    <p class='ocr_par' dir='ltr' id='par_1_4' title="bbox 0 0 1740 5242">
     <span class='ocr_line' id='line_1_44' title="bbox 0 0 1740 5242; baseline 0 2"><span class='ocrx_word' id='word_1_369' title='bbox 0 0 1740 5242; x_wconf 95' lang='lat' dir='ltr'><strong> </strong></span> 
     </span>
    </p>
   </div>
  </div>
 </body>
</html>
