3472 5242
237 323 279 404 48
635 326 707 386 Dae.
723 337 773 404 47,
798 322 850 402 48.
878 360 913 368 -
940 328 995 384 An.
1019 339 1096 400 1505

238 549 351 612 barum
375 551 455 613 serie
479 549 657 612 firmissime
682 552 882 630 mandamus,
907 565 941 613 ut
964 554 1100 634 acceptis
1123 555 1333 635 presentibus,
1364 553 1504 636 prelatos

238 658 323 720 cives
346 672 471 719 nostros
493 657 533 718 ad
558 657 758 718 solucionem
783 657 882 738 ipsius
905 658 1014 719 tributi
1040 657 1080 720 de
1104 671 1211 721 cetero
1235 673 1336 721 artare
1361 673 1392 721 et
1416 679 1503 722 com-

237 763 357 847 pellere
384 764 473 826 nulla
505 764 632 825 racione
664 764 863 844 presumatis,
886 765 1122 847 prescriptaque
1156 766 1308 827 animalia
1338 779 1370 828 et
1400 767 1503 848 spolia

238 869 358 932 eisdem
391 870 459 930 sine
499 869 587 930 omni
623 869 809 931 renittencia
844 881 874 929 et
913 868 1099 931 difficultate
1137 870 1270 951 aliquali
1309 871 1442 933 reddere
1474 887 1505 935 et

238 975 414 1055 restituere,
444 995 480 1036 ac
519 975 558 1035 de
598 975 746 1056 dampnis
784 974 905 1036 eisdem
944 973 1119 1036 inferendis
1149 989 1180 1037 et
1212 977 1338 1038 iniuriis
1373 997 1503 1060 quoque

239 1081 417 1162 irrogandis
452 1081 578 1162 penitus
609 1078 758 1143 desistere
790 1094 821 1142 et
851 1080 1056 1162 supersedere
1084 1081 1237 1161 debeatis,
1259 1102 1333 1144 narn
1357 1083 1502 1165 alioquin

239 1188 303 1268 pati
327 1186 457 1248 tandem
490 1206 554 1247 non
588 1186 774 1268 poterimus,
798 1187 876 1267 quin
901 1186 1022 1248 eisdem
1046 1187 1169 1248 civibus
1192 1188 1307 1249 nostris
1331 1188 1502 1270 superinde

239 1291 278 1352 de
318 1292 477 1374 condigna
514 1290 734 1354 satisfaccione
765 1312 830 1354 non
860 1292 1111 1373 providebimus.
1149 1293 1246 1355 Secus
1278 1294 1373 1375 igitur
1414 1294 1503 1357 nulla

239 1398 366 1460 racione
405 1397 528 1460 facturi.
567 1399 770 1460 Presentibus
799 1399 956 1480 perlectis,
988 1398 1149 1460 exhibenti
1182 1399 1342 1461 restitutis.
1383 1399 1501 1462 Datum

239 1504 330 1566 Bude
367 1503 444 1566 feria
475 1518 587 1585 quarta
617 1505 762 1586 proxima
794 1518 866 1586 post
898 1502 1013 1565 festum
1047 1504 1130 1565 beati
1157 1505 1284 1566 Martini
1309 1507 1450 1588 episcopi
1473 1519 1504 1569 et

238 1608 439 1672 confessoris.
464 1614 560 1671 Anno
585 1609 709 1672 domini
735 1610 907 1671 millesimo
928 1610 1188 1691 quingentesimo
1211 1611 1335 1691 quinto.

749 1715 880 1776 Relacio
904 1715 1045 1796 magistri
1069 1716 1152 1776 Petri
1177 1717 1313 1798 Beryzlo
1338 1719 1502 1800 prepositi,

813 1804 971 1864 secretarii
997 1804 1082 1885 regie
1107 1804 1291 1866 Maiestatis.

310 1910 447 1975 Originale
473 1910 498 1961 in
520 1911 617 1961 charta.
638 1909 665 1959 ln
685 1910 802 1974 margine
823 1907 941 1960 inferiori
960 1907 1119 1973 impressum
1139 1914 1180 1959 est
1199 1910 1327 1974 sigillum.
1348 1907 1378 1959 In
1398 1911 1502 1960 collect·

238 2001 306 2051 dom.
327 1998 355 2048 E.
369 1997 515 2064 Lasovslry.

860 2173 922 2241 47.

342 2319 417 2366 Anno
442 2316 516 2379 1505,
536 2316 576 2365 22.
597 2314 757 2365 novembris.
784 2301 904 2365 Casmae.

239 2443 331 2500 Lucas
354 2444 435 2517 episc.
460 2442 579 2515 zagrab.
604 2443 761 2499 Antonium
785 2442 818 2498 de
840 2440 1020 2516 Medjarec'je
1042 2442 1207 2499 canonicam
1235 2441 1351 2514 zagrab.
1375 2442 1417 2497 ati
1432 2450 1500 2515 pro-

441 2556 539 2605 ventus
567 2548 747 2606 canonicales
770 2544 807 2604 de
831 2545 946 2624 integra
960 2546 1160 2619 percipiendas
1183 2547 1297 2609 reducit.

341 2685 549 2747 Venerabiles
562 2684 696 2762 domini,
710 2682 820 2745 fratres
834 2684 933 2744 nostri
951 2683 1136 2744 charissimi.
1151 2684 1240 2746 Licet
1252 2683 1502 2746 fraternitatibus

235 2792 347 2853 vestris
371 2791 496 2873 pridem
520 2791 755 2873 scripseramus,
772 2788 860 2871 quod
885 2789 1072 2870 magistrum
1089 2789 1291 2851 Anthonium
1315 2790 1355 2851 de
1381 2791 1501 2872 Megw·

234 2898 349 2981 rechye
369 2897 631 2981 ,concanonicum
658 2910 688 2957 et
717 2895 844 2958 fratrem
867 2908 1007 2956 vestrum
1024 2915 1040 2955 e
1057 2895 1165 2956 medio
1182 2897 1275 2957 vestri
1293 2897 1503 2958 exclusissetis

234 3019 265 3067 et
281 3025 394 3068 omnes
412 3018 584 3086 proventus
601 3004 700 3085 ipsius
717 3004 749 3064 in
765 3002 904 3063 sacristia
922 3001 1182 3077 conservassetis;
1199 3014 1307 3063 tamen
1325 3002 1502 3077 infirmitati

232 3131 289 3173 sue
314 3111 549 3191 compacientes
573 3109 803 3169 committimus
827 3107 929 3185 vobis,
954 3120 988 3167 ut
1014 3106 1152 3167 eundem
1177 3108 1270 3168 vestri
1296 3109 1329 3168 in
1352 3108 1496 3169 medium

233 3216 407 3278 admittatis
438 3229 469 3276 et
501 3234 614 3276 omnes
643 3229 816 3296 proventus
844 3213 903 3294 ipsi
928 3212 1152 3292 provenientes
1174 3212 1324 3295 deinceps
1348 3214 1498 3275 reddatis.

234 3324 280 3384 Ex
305 3343 375 3384 arce
400 3334 506 3382 nostra
531 3321 707 3382 chasmensi
732 3320 865 3380 sabbato
889 3318 920 3378 in
946 3317 1026 3378 festo
1051 3318 1142 3379 beate
1167 3318 1286 3378 Cecilie
1313 3319 1446 3401 virginis
1470 3333 1500 3379 et

233 3429 381 3490 martiris.
417 3449 450 3507 15
480 3448 508 3507 5.

341 3534 443 3594 Lucas
468 3532 637 3614 episcopus

381 3620 516 3683 ecclesie
540 3620 765 3702 zagrabiensis.

339 3744 374 3807 (n
393 3744 496 3808 tergo),
521 3726 767 3788 Venerabilibus
791 3725 932 3786 dominis
957 3725 1097 3807 capitulo
1121 3725 1253 3787 ecclesie
1271 3737 1376 3785 nostre
1393 3742 1502 3803 zagra-

233 3833 361 3910 biensis,
385 3831 533 3893 fratribus
557 3832 672 3893 nostris
697 3830 899 3894 charissimis.

338 3955 475 4020 originale
501 3956 526 4005 in
552 3955 685 4017 abactas
711 3959 788 4016 tergo
815 3952 943 4022 sigillum.
969 3953 995 4003 ln
1015 3953 1113 4006 archiv.
1133 3968 1191 4004 ven.
1213 3953 1298 4017 Capit.
1318 3954 1426 4017 zagrab.
1444 3951 1501 4004 Act.

233 4044 296 4108 Cap.
317 4048 368 4095 ant.
388 4043 451 4095 fase.
471 4044 512 4094 91.
534 4057 572 4094 nr.
592 4044 633 4095 46.

831 4219 894 4283 48.

336 4335 410 4383 hano
431 4330 509 4383 1505.
536 4332 561 4382 ln
582 4331 758 4383 Kristalovec.

231 4451 396 4526 Stephanus
428 4452 577 4510 Brodarii
604 4470 623 4508 a
647 4453 727 4508 Luca
750 4453 830 4524 episc.
853 4452 973 4523 zagrab.
994 4459 1118 4524 pressus,
1143 4451 1287 4505 auxilinm
1316 4449 1354 4504 ab
1377 4445 1495 4506 eliberta

465 4558 499 4614 de
522 4557 606 4614 Kasu
622 4558 788 4630 praeposita
810 4557 918 4613 maiore
940 4557 1127 4627 zagrabiensi
1137 4555 1268 4629 flagitat.

337 4695 516 4777 Stephanus
549 4694 751 4756 Brodaricius
783 4695 891 4757 scribit
921 4693 1055 4755 Alberto
1083 4695 1269 4775 Praeposito
1293 4693 1418 4774 maiori,
1443 4712 1496 4755 ca-

236 4803 357 4865 nonico
378 4801 574 4883 zagrabiensi
593 4820 631 4862 ex
649 4800 883 4862 Cristalovecz:
903 4800 955 4861 »ln
976 4800 1037 4861 hoc
1057 4819 1131 4861 meo
1148 4800 1353 4862 acerbissimo
1370 4799 1502 4880 negotio

236 4917 267 4967 et
290 4926 394 4987 causa,
418 4920 592 4990 postquam
617 4925 719 4988 nuper
736 4906 782 4967 nil
794 4905 880 4989 apud
897 4906 1085 4988 episcopum
1100 4906 1340 4987 zagrabienaem
1356 4918 1503 4987 poteram
1559 4982 1566 4993 Ι
