3472 5242
691 350 763 411 Duc.
781 361 830 427 27.
848 383 886 394 -
907 351 1073 426 An,1504.

242 578 409 660 recepisse,
433 576 603 657 statimque
635 577 751 639 accessi
784 575 955 658 providum
986 576 1122 637 Paulum
1154 574 1281 638 Kunich
1308 577 1347 639 de
1372 578 1507 640 Dosicza

243 683 462 765 personaliter,
487 683 657 765 ipsumque
689 682 729 743 ad
762 681 950 743 instanciam
979 681 1220 744 honorabilium
1244 695 1275 743 et
1298 683 1507 745 discretorum

242 789 448 852 dominorum
488 789 775 871 prebendariorum
819 788 906 850 chori
946 788 1079 850 ecclesie
1120 788 1334 870 zagrabiensis
1379 809 1506 851 necnon

242 896 455 957 altaristarum
486 895 621 956 civitatis
653 895 933 976 Montisgrecensis
965 896 1093 957 racione
1127 908 1285 957 certorum
1314 897 1506 976 debitorum,

241 1015 304 1063 tam
327 1002 447 1063 scilicet
462 1001 672 1082 pecuniarum
689 1021 788 1082 quarn
805 1019 987 1083 porcorum,
1000 1002 1121 1063 eisdem
1139 1002 1280 1063 dominis
1296 1021 1352 1083 per
1368 1002 1506 1063 condam

243 1106 399 1169 Mathiam
414 1106 598 1189 Brumnych
623 1106 745 1169 dictum
769 1107 809 1168 de
833 1106 946 1169 eadem
967 1107 1220 1189 Montegrecensi
1246 1108 1506 1169 testamentaliter

242 1214 420 1295 legatorum
441 1226 472 1275 et
494 1213 575 1274 solvi
601 1213 858 1291 commissorum,
875 1212 915 1274 ad
940 1213 1177 1294 quindecimam
1205 1213 1291 1275 diem
1316 1233 1333 1274 a
1358 1213 1408 1274 die
1433 1233 1504 1275 exe-

242 1319 384 1381 cucionis
415 1319 599 1380 immediate
631 1319 849 1400 computando
881 1321 1008 1401 egregie
1036 1320 1315 1382 Domininacionis
1345 1332 1446 1381 vestre
1472 1319 1505 1380 in

242 1426 438 1507 presenciam
463 1425 556 1486 citavi
580 1444 821 1507 responsurum.
847 1426 886 1486 Et
909 1426 1038 1488 tandem
1061 1446 1156 1508 super
1177 1425 1363 1488 huiusmodi
1392 1444 1504 1486 execu-

241 1529 343 1592 cionis
375 1549 445 1591 mee
480 1531 642 1612 egregiam
673 1543 810 1592 vestram
833 1531 1102 1594 Dominacionem
1127 1531 1227 1593 reddo
1253 1544 1382 1610 certam,
1406 1550 1505 1611 quam

241 1635 320 1697 deus
351 1637 524 1698 altissimus
555 1656 741 1698 conservare
773 1636 922 1718 dignetur
957 1636 997 1699 ad
1033 1650 1117 1700 vota.
1151 1637 1269 1698 Datum
1304 1637 1337 1698 iu
1362 1634 1502 1719 Zythech

241 1740 319 1803 feria
350 1756 461 1823 quarta
492 1758 564 1825 post
595 1743 897 1824 Ramispalmarum.
929 1747 1026 1805 Anno
1059 1743 1183 1805 domini
1212 1742 1385 1804 millesimo
1410 1741 1503 1823 quin·

239 1848 418 1929 gentesimo
450 1863 574 1930 quarto.

610 1939 744 2020 Egregie
769 1938 1012 2000 Dominacionis
1034 1952 1146 2015 vestre,
1172 1935 1347 2018 Gregorius
1372 1936 1503 1997 humilis

702 2027 897 2108 capellanus,
921 2025 1079 2108 parochus
1103 2025 1135 2087 in
1159 2024 1312 2107 Zythech.

351 2165 385 2229 (Α
410 2167 506 2230 tergo).
532 2150 670 2231 Egregio
694 2150 828 2211 domino
849 2150 976 2211 Andree
1002 2150 1129 2227 artium,
1146 2148 1347 2210 decretorum
1371 2163 1401 2209 et
1417 2168 1503 2209 sacre

239 2251 401 2335 theologie
426 2254 560 2333 doctori,
584 2257 717 2335 cantori,
741 2256 896 2317 canonico
921 2268 952 2317 et
974 2255 1093 2316 vicario
1123 2254 1255 2316 ecclesie
1279 2254 1503 2335 zagrabiensis,

242 2357 376 2420 domino
400 2380 474 2422 meo
496 2361 744 2442 graciosissimo,
768 2362 1000 2444 superiorique.

347 2481 482 2546 originale
510 2483 536 2534 in
555 2484 652 2534 charta.
671 2484 691 2534 Α
711 2492 788 2550 tergo
815 2485 956 2550 vestigium
975 2483 1099 2548 impressi
1119 2483 1209 2548 sigilli.
1238 2480 1267 2534 ln
1287 2483 1383 2536 archiv.
1405 2485 1497 2535 honor.

239 2569 335 2634 colleg.
354 2569 499 2624 Praebend.

840 2748 899 2817 27.

344 2885 417 2936 Anno
440 2886 514 2951 1504,
534 2887 576 2940 lt.
595 2886 695 2952 aprilis.
716 2887 864 2952 Zagrabiae

233 3014 390 3091 Johannes
419 3014 560 3072 Cominus
590 3015 652 3072 dux
677 3023 787 3074 statuta
817 3034 837 3071 a
867 3015 987 3072 Mathia
1014 3035 1079 3089 rege
1104 3015 1248 3073 sutoribus
1278 3017 1402 3073 civilatis
1430 3017 1501 3073 data

787 3123 953 3196 confirmat.

349 3242 416 3303 Nos
433 3242 594 3304 Johannes
613 3243 785 3321 Coruinus,
803 3242 973 3324 Lipthouie
998 3243 1062 3304 dux
1086 3264 1121 3305 ac
1138 3263 1311 3325 regnorum
1327 3243 1502 3323 Dalmacie,

239 3348 373 3409 Croacie
406 3362 436 3409 et
461 3348 629 3410 Sclavonie
661 3350 773 3411 banus.
803 3349 957 3410 Memoris
992 3351 1256 3411 commendamus
1289 3364 1399 3411 tenore
1431 3370 1501 3431 pre-

238 3453 380 3514 sencium
405 3453 619 3535 significantes
642 3455 760 3535 quibus
785 3454 912 3537 expedit
943 3456 1110 3534 universis,
1135 3456 1222 3537 quod
1246 3456 1378 3517 veniens
1401 3455 1500 3516 nostri

239 3559 270 3619 in
295 3560 531 3640 presenciarum
555 3560 705 3641 magister
730 3560 899 3622 czeharum
923 3581 978 3622 seu
1003 3562 1143 3623 decanus
1164 3562 1196 3622 in
1213 3561 1357 3643 personis
1374 3561 1500 3622 univer·

238 3684 345 3726 sorum
371 3666 595 3746 magistrorum
619 3678 777 3752 suttorurn
804 3667 836 3728 in
854 3667 979 3728 civitate
996 3681 1102 3729 nostra
1120 3667 1397 3749 Montisgrecensis
1414 3687 1500 3728 com·

238 3770 449 3849 morancium,
474 3771 618 3832 exhibuit
635 3786 665 3832 et
680 3773 873 3853 presentavit
890 3774 983 3835 nobis
1000 3775 1155 3854 quasdam
1172 3774 1291 3836 litteras
1308 3773 1499 3834 serenissimi

237 3875 390 3957 principis
414 3876 537 3937 domini
562 3875 681 3938 Mathis
705 3876 756 3938 dei
769 3879 885 3958 gracia
903 3878 1079 3959 Hungarie,
1093 3879 1312 3960 Bohemieque
1330 3894 1388 3942 etc.
1405 3881 1499 3961 regis,

238 3980 290 4063 pie
313 3981 479 4058 memorie,
492 3981 645 4062 genitoris
669 3983 768 4044 nostri
792 3983 956 4062 carissimi,
975 3984 1006 4045 in
1030 4003 1225 4066 pergameno
1242 3986 1301 4046 sub
1318 4006 1376 4047 suo
1393 3986 1499 4066 sigillo

238 4100 382 4167 patenter
405 4086 564 4147 confectas
589 4100 619 4147 et
643 4102 815 4167 emanataS,
832 4089 1014 4171 supplicans
1037 4091 1131 4151 nobis
1146 4090 1310 4152 humiliter
1327 4105 1359 4151 et
1374 4091 1499 4170 devote,

239 4206 273 4253 ut
298 4191 424 4252 easdem
450 4205 542 4271 ratas,
565 4207 670 4274 gratas
693 4207 724 4254 et
747 4209 875 4276 accepta
902 4194 1104 4274 haberemus,
1128 4195 1241 4257 litteris
1265 4198 1380 4258 nostris
1404 4197 1498 4278 privi-

238 4297 406 4378 legialibus
442 4298 481 4357 de
517 4300 615 4359 verbo
649 4299 689 4360 ad
718 4301 852 4361 verbum
889 4301 957 4361 sine
988 4300 1230 4363 diminuncione
1263 4317 1293 4363 et
1325 4317 1498 4384 augmento

238 4403 371 4484 aliquali
395 4404 515 4464 eisdem
540 4419 695 4486 perpetuo
720 4405 870 4468 valituras
894 4406 1082 4469 confirmare
1105 4408 1320 4489 dignaremur.
1353 4410 1499 4482 Quarum

238 4524 330 4570 tenor
353 4510 424 4571 talis
449 4523 512 4572 est:
536 4510 620 4591 (vide
645 4511 709 4573 vol.
733 4511 769 4573 Il.
794 4512 865 4575 doc.
890 4533 963 4594 251.
981 4532 1055 4574 ann.
1078 4515 1169 4593 1466.
1188 4534 1237 4596 23.
1255 4515 1414 4596 Augusti).
1432 4516 1499 4575 Nos

239 4616 336 4696 igitur
370 4616 664 4697 supplicacionibus
696 4619 864 4681 memorati
900 4620 1042 4701 magistri
1081 4619 1251 4681 czeharum
1287 4635 1341 4681 aut
1375 4620 1498 4698 decani,

239 4720 462 4801 societatisque
486 4723 710 4804 magistrorum
742 4739 900 4786 suttorum
925 4725 1079 4805 inclinati,
1097 4725 1256 4808 predictas
1279 4725 1398 4787 litteras
1423 4725 1497 4787 dicti

238 4823 377 4886 condam
399 4825 522 4888 domini
554 4827 708 4909 genitoris
731 4831 841 4910 nostri,
865 4850 930 4892 non
964 4832 1102 4911 abrasas,
1126 4849 1191 4892 non
1215 4830 1416 4911 cancellatas,
1440 4850 1498 4892 nec
