3472 5242
740 356 815 415 Dor.
840 368 910 431 179.
934 389 976 398 -
1000 358 1058 415 An.
1083 368 1171 432 1531-

922 582 1005 649 179.

436 741 513 790 Anno
534 737 611 791 1523.
632 740 673 790 st.
697 740 767 792 maii.
788 740 884 790 Rudas.

337 867 501 924 ludovicus
525 867 569 928 ll.
593 868 696 940 Hung.
721 875 770 926 etc.
792 886 855 937 rex,
879 866 998 925 Simoni
1027 869 1152 940 episcopo
1184 867 1374 940 zagrobiensi‚
1398 870 1513 943 eiusque
1535 889 1598 929 snc-

378 972 531 1030 sessoribus
553 972 607 1029 dot
619 974 675 1047 jus
692 974 857 1046 praeposilr'
876 991 899 1031 s.
923 973 1045 1030 Mariae
1065 973 1236 1029 nominandi
1255 980 1341 1047 atque
1355 976 1553 1037 constituendi.

985 1129 1145 1180 commissio
1165 1130 1273 1194 propria
1292 1130 1390 1182 domiui
1411 1130 1493 1195 regis.

439 1219 506 1280 Nos
531 1218 715 1280 Ludouicus
740 1218 790 1280 dei
814 1218 920 1299 gracia
944 1237 997 1280 rex
1022 1218 1188 1299 Hungarie
1213 1232 1243 1279 et
1267 1218 1422 1280 Bohemie
1446 1232 1505 1281 etc.
1530 1221 1598 1282 Me-

335 1325 435 1385 morie
460 1324 725 1385 commendamus
742 1339 853 1386 tenore
870 1325 1070 1405 presencium
1095 1323 1309 1405 significantes
1326 1325 1443 1406 quibus
1472 1326 1600 1408 expedit

333 1430 498 1491 universis.
524 1429 620 1503 Quod
645 1450 704 1490 nos
728 1450 763 1491 ex
790 1430 1009 1491 declaracione
1027 1429 1130 1491 fidelis
1154 1430 1252 1491 nostri
1271 1431 1436 1492 reverendi
1455 1431 1485 1492 in
1506 1431 1598 1492 Chri-

334 1549 383 1597 sto
407 1536 505 1616 patris
529 1535 651 1596 domini
679 1536 820 1597 Simonis
854 1536 904 1597 dei
938 1548 969 1597 et
1000 1536 1174 1617 apostolice
1206 1536 1290 1597 sedis
1320 1537 1426 1618 gracia
1458 1538 1599 1619 episcopi

335 1642 465 1703 ecclesie
490 1641 706 1721 zagrabiensis
731 1641 957 1719 intelleximus,
982 1641 1148 1723 quomodo
1181 1642 1422 1723 predecessores
1445 1643 1493 1705 sui
1519 1644 1600 1725 epis·

334 1747 405 1829 copi
431 1747 574 1808 eiusdem
610 1747 742 1809 ecclesie
767 1767 823 1808 sue
863 1747 1077 1828 zagrabiensis
1109 1746 1158 1827 jus
1188 1760 1375 1829 patronatus
1406 1762 1598 1831 perpetuum

329 1836 367 1915 in
393 1852 593 1934 prepositura
617 1852 695 1914 alias
727 1853 857 1914 abbacia
894 1852 1026 1913 ecclesie
1061 1853 1242 1914 beatissime
1276 1854 1375 1914 Marie
1407 1854 1539 1935 virginis
1569 1854 1600 1915 in

337 1978 407 2020 area
432 1958 563 2038 capituli
600 1958 743 2019 eiusdem
769 1958 902 2020 ecclesie
937 1978 994 2020 sue
1031 1959 1246 2039 zagrabiensis
1281 1958 1465 2021 habuissent
1496 1973 1527 2022 et
1562 1980 1601 2022 eo

336 2085 462 2146 semper
485 2063 618 2127 fuissent
642 2065 702 2143 usi,
727 2065 812 2126 idem
838 2085 968 2147 quoque
986 2065 1137 2127 dominus
1159 2066 1328 2147 episcopus
1345 2080 1484 2128 uteretur
1501 2067 1602 2128 eciam

338 2171 377 2231 ad
402 2191 550 2252 presens;
575 2171 629 2232 sed
655 2171 730 2251 quia
768 2171 873 2232 littere
907 2171 972 2231 sive
998 2171 1166 2253 privilegia
1191 2171 1230 2232 de
1262 2171 1446 2233 huiusmodi
1479 2171 1602 2254 jurepa·

337 2290 481 2337 tronatus
504 2290 668 2357 utcunque
693 2276 857 2357 deperdite
883 2290 989 2338 essent
1013 2291 1043 2338 et
1056 2277 1182 2355 amissa,
1200 2277 1390 2358 supplicavit
1406 2278 1500 2338 nobis
1517 2277 1602 2337 idem

339 2382 491 2443 dominus
528 2382 696 2463 episcopus
731 2382 895 2443 humiliter
920 2396 950 2444 et
974 2382 1100 2461 devote,
1126 2395 1159 2443 ut
1195 2382 1275 2443 illud
1310 2383 1413 2464 ipsum
1448 2381 1603 2464 juspatro·

339 2501 442 2565 natus,
469 2507 534 2568 quo
556 2489 623 2569 ipse
649 2502 679 2548 et
704 2488 778 2549 dicti
816 2488 1056 2569 predecessores
1091 2489 1139 2549 sui
1172 2501 1245 2549 sunt
1281 2488 1340 2566 usi,
1372 2502 1468 2569 atque
1502 2489 1602 2549 eciam

341 2613 425 2655 nunc
450 2593 516 2674 ipse
541 2607 692 2671 uteretur,
717 2594 756 2654 de
781 2594 921 2655 novosin
948 2594 1086 2655 eundem
1112 2614 1147 2655 ac
1171 2613 1368 2662 successores
1391 2614 1466 2655 suos
1482 2594 1604 2676 episco-

340 2719 398 2781 pos
422 2698 543 2780 prefate
567 2699 699 2760 ecclesie
724 2718 780 2760 sue
813 2699 1029 2780 zagrabiensis
1063 2698 1231 2760 transferre
1265 2719 1300 2760 ac
1335 2700 1439 2761 eidem
1476 2713 1506 2761 et
1538 2699 1604 2761 suis

340 2804 490 2887 predictis
513 2805 748 2866 successoribus
772 2805 846 2866 dare
872 2819 903 2866 et
925 2805 1344 2886 concederedignaremur.
1363 2805 1605 2887 Supplicatione

342 2910 449 2990 itaque
474 2909 606 2990 predicti
632 2909 755 2970 domini
781 2910 933 2992 episcopi,
967 2911 1153 2992 meritisque
1178 2925 1208 2972 et
1232 2911 1402 2972 virtutibus
1426 2931 1461 2972 ac
1486 2911 1604 2993 precla-

342 3014 475 3075 rissimis
498 3014 596 3075 animi
623 3014 763 3093 dotibus,
788 3015 906 3095 quibus
938 3015 1076 3077 eundem
1102 3001 1224 3097 pollere
1259 3017 1441 3098 accepimus
1472 3017 1605 3094 inducti,

343 3121 481 3182 maxime
505 3139 581 3182 vero
606 3140 641 3181 ea
667 3120 855 3199 devocione,
888 3141 951 3202 qua
984 3122 1014 3182 in
1041 3124 1170 3182 beatum
1201 3121 1402 3203 Stephanum
1434 3142 1542 3202 regern
1574 3123 1606 3182 in

344 3227 434 3288 cuius
458 3227 590 3288 nomine
615 3226 697 3287 dicta
722 3226 854 3287 ecclesia
892 3227 1106 3308 zagrabiensi's
1139 3226 1269 3288 fundata
1303 3228 1406 3289 existit
1437 3227 1605 3306 afficimur,

344 3353 383 3394 ne
408 3333 494 3393 idem
515 3332 666 3393 dominus
691 3333 860 3414 episcopus
884 3347 914 3394 et
938 3333 1071 3414 predicti
1096 3333 1144 3394 sui
1168 3347 1365 3394 successores
1389 3334 1522 3415 antiquo
1539 3332 1606 3413 jure

346 3425 445 3520 ipsius
469 3437 601 3499 ecclesie
625 3458 680 3498 sue
705 3438 870 3518 priventur
894 3451 1109 3517 autcareant,
1134 3458 1265 3519 quoque
1290 3438 1449 3500 salubrius
1473 3452 1503 3500 et
1520 3458 1608 3499 com·

345 3544 473 3605 modius
497 3541 640 3604 officium
665 3543 823 3624 prelature
849 3543 880 3603 in
906 3543 973 3624 ipsa
999 3543 1132 3604 ecclesia
1156 3544 1353 3624 zagrabiensi
1372 3564 1517 3605 exercere
1535 3564 1606 3626 pos·

345 3649 417 3725 sint,
442 3647 625 3709 huiusmodi
651 3647 887 3729 juspatronatus
911 3662 1054 3710 nostrum
1075 3650 1210 3729 regium,
1234 3650 1322 3730 quod
1354 3650 1386 3710 in
1419 3650 1503 3711 dicta
1538 3669 1608 3731 pre-

347 3753 488 3834 positura
513 3753 602 3814 sicuti
627 3765 658 3813 et
683 3752 713 3813 in
739 3752 809 3813 aliis
833 3753 928 3814 huius
948 3740 1050 3834 'regni
1084 3753 1182 3815 nostri
1215 3754 1355 3816 ecclesiis
1387 3754 1542 3816 habemus
1575 3754 1607 3814 in

346 3858 484 3919 eundem
509 3856 677 3919 dominum
711 3857 896 3939 episcopum
929 3871 959 3918 et
992 3858 1094 3919 dictos
1125 3879 1200 3919 suos
1231 3880 1428 3921 successores
1460 3860 1609 3920 duximus

346 3961 600 4024 transferendum
626 3982 661 4022 ac
686 3962 806 4023 eisdem
831 3962 983 4023 dandum
999 3977 1029 4024 et
1053 3964 1307 4044 concedendum,
1332 3979 1366 4025 ut
1390 3965 1447 4046 ipsi
1473 3964 1610 4025 tamdiu

347 4068 449 4128 donec
461 4081 491 4128 et
500 4086 670 4148 quousque
682 4067 764 4129 dicte
776 4068 906 4129 ecclesie
917 4069 1131 4149 zagrabiensis
1142 4068 1313 4151 fungentur
1323 4071 1482 4152 prelatura
1493 4069 1610 4131 dictam

348 4174 579 4255 preposituram
605 4172 682 4233 alias
706 4173 871 4234 abbaciam
890 4174 1070 4235 beatissime
1086 4175 1184 4236 Maris
1209 4175 1340 4256 virginis
1357 4176 1507 4256 deinceps
1531 4194 1611 4255 quo·

348 4280 435 4340 ciens
459 4292 489 4340 et
511 4278 782 4360 quandocumque
807 4279 847 4340 de
872 4279 938 4354 jure
963 4292 993 4340 et
1018 4280 1057 4341 de
1082 4279 1165 4341 facto
1190 4281 1357 4359 vacaverit,
1375 4281 1519 4363 personis
1542 4280 1611 4340 ido·

349 4384 427 4462 neis,
453 4384 657 4445 benemeritis
681 4398 711 4445 et
734 4384 796 4446 hiis
820 4405 902 4467 quos
933 4386 1048 4466 dignos
1079 4407 1147 4462 esse
1179 4385 1400 4466 judicaverint,
1433 4387 1506 4447 dicti
1535 4386 1612 4466 juris

350 4503 534 4570 patronatus
557 4490 656 4551 nostri
682 4491 759 4572 regii
785 4491 906 4553 eisdem
930 4512 986 4573 per
1009 4505 1181 4574 presentes,
1206 4507 1241 4553 ut
1274 4491 1431 4573 prefertur
1462 4511 1612 4554 concessa

350 4608 516 4657 eteorum
540 4595 700 4657 ordinaria
724 4597 976 4676 auctoritatibus,
999 4597 1143 4659 conferre
1168 4597 1261 4657 etde
1293 4597 1359 4678 ipsa
1384 4617 1509 4679 semper
1540 4617 1612 4679 pro·

350 4701 457 4763 videre
474 4702 574 4763 libere
591 4702 712 4783 possint
736 4716 767 4764 et
786 4703 913 4764 valeant
936 4703 1034 4787 pleno
1047 4702 1126 4783 jure,
1139 4703 1240 4764 immo
1261 4694 1481 4765 transferimus
1494 4704 1612 4780 denuo,

350 4804 528 4888 damusque
552 4820 583 4869 et
607 4807 812 4869 concedimus
847 4806 961 4870 harum
993 4821 1173 4870 nostrarum
1203 4821 1324 4870 secreto
1355 4807 1462 4889 sigillo
1491 4820 1613 4884 nostro,
