3472 5242
258 365 322 428 294
684 346 801 405 Statura
825 346 1117 407 Praebendariorum.

257 578 329 639 talis
353 597 419 638 non
443 577 678 658 obtemperans,
704 575 865 637 consortio
889 588 999 636 nostro
1023 595 1058 635 ac
1075 574 1170 636 etiam
1195 576 1404 657 proventibus
1420 595 1521 657 usque

258 684 299 747 ad
331 685 570 767 beneplacitum
602 697 747 745 nostrum
779 683 857 744 sciat
887 702 920 743 se
954 682 1147 764 privacionis
1181 703 1298 764 penam
1333 682 1403 764 ipso
1438 681 1521 743 facto

259 791 472 854 incursurum.

365 987 415 1044 Dc
437 986 599 1044 iuramento
621 985 723 1041 decani
741 984 828 1044 electi.

365 1125 454 1204 Item,
478 1124 566 1207 quod
601 1124 706 1186 statim
740 1139 771 1186 et
806 1123 991 1186 immediate
1026 1138 1098 1206 post
1129 1124 1299 1186 lectionem
1336 1122 1522 1185 huiusmodi

260 1231 336 1293 novi
361 1231 485 1310 decani,
515 1231 599 1292 idem
638 1229 789 1292 dominus
825 1231 964 1292 decanus
999 1232 1129 1309 electus,
1165 1231 1259 1292 nobis
1293 1249 1331 1291 ex
1367 1228 1522 1291 laudabili

260 1336 500 1416 consvetudine,
526 1336 792 1418 ordinationeque
808 1350 927 1416 nostra,
944 1336 1034 1398 tactis
1050 1337 1257 1399 sacrosanctis
1270 1335 1322 1397 dei
1336 1334 1523 1416 ewangeliis

259 1457 291 1504 et
313 1445 513 1526 presentibus
536 1444 652 1505 nostris
675 1443 810 1521 statutis,
835 1443 1051 1504 iuramentum
1075 1444 1134 1504 sub
1168 1442 1226 1504 hac
1257 1442 1359 1505 forma
1383 1455 1523 1523 prestare

260 1548 400 1612 debebit.

362 1695 470 1751 Forma
492 1693 649 1749 iuramenti
668 1691 833 1752 decanatus.

366 1832 436 1913 Ego
460 1831 500 1892 N.
524 1830 663 1891 decanus
687 1828 895 1892 dominorum
918 1831 1205 1912 prebendariorum
1236 1830 1331 1892 huius
1365 1830 1449 1892 alrne
1473 1850 1522 1890 ec-

242 1939 356 2001 'clesie
380 1936 605 2018 zagrabiensis,
631 1936 701 1997 iuro
726 1949 757 1998 et
780 1936 946 2019 promitto,
963 1936 1052 2018 quod
1068 1935 1204 1998 fideliter
1220 1937 1450 1998 administrabo
1467 1955 1523 2017 per

260 2064 312 2107 me
336 2045 464 2106 inventa
499 2056 529 2103 et
553 2042 702 2104 solertem
727 2062 834 2104 curam
860 2042 1020 2103 adhibebo
1045 2044 1076 2104 in
1101 2043 1301 2125 procuranda
1333 2043 1468 2104 utilitate
1492 2055 1522 2102 et

260 2161 434 2230 augmento
459 2148 558 2230 ipsius
582 2146 859 2226 confraternitatis,
884 2161 915 2209 et
944 2149 1032 2229 quod
1061 2147 1198 2210 fideliter
1229 2150 1426 2210 conservabo
1456 2161 1522 2209 tam

261 2255 367 2318 oblata
392 2273 489 2334 quam
513 2253 667 2334 acquisita
685 2254 735 2315 vel
760 2254 869 2316 relicta
886 2254 989 2315 eidem
1016 2253 1283 2328 confraternitati;
1309 2255 1353 2315 sic
1377 2274 1427 2315 me
1445 2253 1524 2315 deus

260 2359 389 2423 adiuvet
413 2372 443 2420 et
465 2358 524 2419 hec
548 2372 654 2419 sancta
679 2359 730 2421 dei
755 2361 943 2442 ewangelia.

367 2556 475 2613 Forma
498 2556 655 2612 aeramenti
677 2556 853 2612 novellorum
875 2556 1147 2616 Prehendarr'orum.

368 2695 442 2775 Ego,
462 2696 500 2757 N.
525 2694 564 2755 de
588 2695 655 2773 tali,
679 2694 908 2776 prebendarius
932 2695 1019 2757 chori
1043 2696 1138 2758 huius
1160 2699 1243 2758 alme
1260 2697 1390 2759 ecclesie
1414 2718 1522 2778 zagra·

262 2800 390 2879 biensis,
415 2801 485 2861 iuro
513 2814 544 2861 et
572 2800 736 2882 promitto,
769 2801 909 2863 dominis
941 2816 972 2863 et
1006 2801 1155 2864 fratribus
1191 2804 1271 2865 meis
1305 2803 1524 2886 prebendariis

261 2907 402 2989 predicte
427 2907 558 2967 ecclesie
583 2907 807 2987 zagrabiensis,
839 2906 1036 2987 fidelitatem,
1068 2911 1317 2991 promotionem,
1348 2909 1522 2992 procurati-

262 3033 369 3092 onem,
393 3026 511 3073 secreta
535 3012 648 3090 celare,
673 3017 800 3091 statuta,
824 3014 1083 3094 constituciones,
1116 3015 1359 3097 laudabilesque
1392 3035 1522 3077 consve-

261 3117 389 3180 tudines
413 3118 557 3199 ipsorum
591 3117 723 3179 firmiter
746 3121 927 3198 observare,
952 3120 1091 3181 debitam
1118 3123 1332 3183 reverenciam
1358 3135 1388 3182 et
1412 3120 1522 3182 obedi-

261 3225 385 3286 enciam
410 3223 531 3285 eisdem
555 3224 695 3284 dominis
718 3235 750 3285 et
772 3223 922 3286 fratribus
946 3226 1026 3287 meis
1047 3226 1079 3287 in
1104 3228 1198 3288 rebus
1215 3228 1309 3289 licitis
1333 3240 1364 3289 et
1379 3226 1522 3289 honestis

262 3331 428 3407 exhibere3
452 3330 496 3391 sic
521 3349 572 3390 me
597 3330 675 3391 deus
697 3330 828 3391 adiuvet
851 3344 882 3391 et
906 3330 964 3392 hec
988 3345 1094 3393 sancta
1119 3332 1170 3392 dei
1196 3333 1382 3414 evangelia.

366 3528 416 3585 De
438 3527 550 3583 ratione
571 3525 714 3583 reddenda
733 3534 789 3599 per
809 3523 949 3584 decanum
972 3545 1023 3584 suo
1045 3530 1208 3589 successon'.

367 3649 537 3726 Volumus,
562 3660 597 3708 ut
620 3667 722 3709 novus
746 3648 866 3721 electus
899 3649 1037 3710 decanus
1061 3664 1167 3712 noster
1198 3651 1355 3713 adiunctis
1378 3652 1437 3712 sibi
1463 3652 1523 3733 ipsi

263 3768 413 3835 quattuor
437 3755 616 3815 senioribus
640 3768 670 3815 et
693 3754 877 3836 pocioribus
901 3753 1049 3816 fratribus
1080 3769 1225 3818 teneatur
1257 3757 1395 3839 recipere
1428 3758 1523 3819 ratio·

264 3880 338 3922 nem
373 3860 591 3942 plenariama
623 3880 682 3921 suo
713 3860 937 3941 predecessore
969 3860 1091 3923 decano
1126 3862 1165 3922 de
1200 3863 1351 3924 omnibus
1386 3863 1523 3943 donatis,

262 3965 384 4047 legatis,
408 3965 524 4026 oblatis
547 3979 578 4026 et
602 3965 878 4047 qualitercumque
903 3967 1075 4047 acquisitis,
1093 3970 1251 4049 rebusque
1273 3969 1343 4030 aliis
1368 3970 1523 4030 universis

263 4071 390 4152 collegii
415 4091 471 4131 seu
507 4071 606 4152 ipsius
641 4069 907 4132 confraternitatis
932 4087 1047 4152 nostre,
1080 4088 1110 4135 et
1139 4075 1308 4156 registrum
1339 4074 1453 4154 facere,
1482 4096 1523 4137 ne

263 4177 436 4258 quicquam
462 4196 519 4257 per
553 4176 786 4257 negligenciam
822 4177 958 4239 alicuius
990 4181 1186 4243 ommitatur.
1223 4181 1298 4255 Quo
1334 4196 1364 4242 et
1388 4182 1454 4263 ipse
1490 4182 1521 4243 in

263 4284 440 4344 mutatione
465 4283 512 4343 sui
538 4281 647 4361 officii,
671 4303 729 4345 suo
753 4285 925 4346 successori
949 4286 1052 4347 valeat
1076 4285 1177 4347 facere
1202 4301 1233 4348 et
1257 4287 1331 4348 dare
1349 4307 1386 4348 ex
1403 4308 1435 4348 se
1452 4288 1522 4369 ipso

261 4388 439 4469 plenariam
463 4401 494 4450 et
517 4388 738 4450 omnimodam
762 4390 929 4454 rationem.

368 4582 420 4640 De
442 4583 603 4642 iuramento
624 4585 800 4642 novelletam
827 4586 1102 4645 Prehendariorum.

371 4699 447 4763 ltem
473 4704 558 4766 iuxta
583 4719 613 4766 et
644 4705 821 4768 secundum
853 4706 1048 4768 laudabilem
1082 4721 1113 4770 et
1143 4711 1342 4771 observatam
1380 4725 1522 4774 nostram

384 4807 541 4892 tudinem,
557 4830 671 4873 omnes
686 4811 811 4874 domini
834 4813 956 4874 novelli
974 4813 1190 4896 prebendarii,
1206 4815 1324 4896 quibus
1340 4815 1522 4879 dominium
