3472 5242
291 547 465 629 paruerint,
489 548 570 608 bene
595 545 739 628 quidem,
762 546 843 608 alias
865 546 1017 609 volumus
1041 559 1072 608 et
1097 547 1187 608 vobis
1218 546 1333 609 harum
1360 549 1443 612 serie
1474 549 1564 613 stric-

290 652 412 714 tissime
435 651 874 738 precipientes'mandamus,
898 665 1056 733 quatenus
1080 652 1186 713 eidem
1218 653 1342 714 homini
1372 653 1471 738 ipsius
1494 654 1563 718 the·

292 758 427 819 zaurarii
462 758 573 836 nostri,
596 758 673 819 dum
709 757 853 839 requisiti
879 756 1001 819 fueritis
1025 777 1080 840 per
1104 758 1267 837 eundem,
1284 760 1315 820 in
1341 761 1560 843 occupacione

290 864 432 946 predicte
456 864 614 925 tricesime
640 876 746 924 nostre
770 876 801 924 et
824 862 972 924 filialium
1005 863 1149 924 eiusdem
1184 877 1215 924 et
1237 864 1402 927 ereccione
1433 866 1561 929 moder·

293 988 407 1031 norum
432 969 699 1031 tricesimatorum
724 968 868 1030 eiusdem
892 969 980 1031 omni
1007 969 1142 1031 consilio
1167 983 1197 1030 et
1221 970 1341 1032 auxilio
1365 969 1475 1033 adesse
1494 991 1564 1034 mo·

293 1075 342 1136 dis
366 1075 519 1136 omnibus
542 1075 685 1136 debeatis
709 1089 740 1136 et
763 1074 936 1137 teneamini
969 1075 1162 1137 authoritate
1192 1090 1298 1137 nostra
1323 1077 1410 1156 regia
1433 1096 1563 1159 presen-

293 1181 378 1242 tibus
401 1181 495 1248 vobis
518 1181 549 1241 in
575 1180 633 1242 bac
658 1195 745 1262 parte
770 1199 920 1243 concessa
946 1180 1118 1242 mediante.
1144 1181 1309 1243 Presentes
1339 1181 1485 1263 poteritis
1507 1202 1560 1244 su·

294 1285 426 1367 perinde
452 1306 509 1367 pro
533 1299 635 1347 vestra
658 1287 794 1347 retinere
819 1286 1039 1368 expedicione.
1064 1286 1183 1347 Datum
1217 1286 1308 1348 Bude
1343 1285 1421 1349 feria
1446 1288 1558 1368 quinta

294 1390 439 1471 proxima
464 1403 536 1472 post
558 1388 674 1451 festum
699 1391 783 1452 beati
808 1391 899 1452 Pauli
924 1390 1018 1473 primi
1045 1389 1209 1452 heremite.
1226 1396 1322 1453 Anno
1340 1390 1464 1453 domini
1489 1392 1562 1455 mil-

294 1494 410 1557 lesimo
434 1496 694 1577 quingentesimo
718 1497 876 1578 vigesimo
900 1496 1025 1578 quinto.

402 1635 538 1700 originale
558 1637 583 1687 in
603 1636 700 1688 charta.
721 1636 748 1687 In
768 1637 885 1701 margine
899 1636 1017 1688 inferiori
1038 1635 1194 1699 impressum
1209 1641 1250 1686 est
1260 1636 1385 1702 sigillam.
1397 1633 1427 1688 In
1441 1636 1561 1689 archivio

295 1723 341 1776 lib.
361 1738 417 1789 reg.
438 1724 489 1777 civ.
509 1721 614 1789 zagrab.

885 2005 966 2070 195.

401 2163 475 2214 Anno
498 2163 570 2215 1525.
594 2164 633 2213 16.
653 2163 754 2226 aprilis.
774 2160 933 2226 Zagrabiae.

298 2306 408 2375 Simon,
431 2310 574 2381 episcopus
605 2307 723 2379 zagrob.
747 2325 857 2363 annum
880 2307 989 2380 jubilei
1016 2306 1184 2381 Zagrabiac
1205 2309 1321 2366 civitati
1340 2316 1368 2366 ct
1387 2310 1565 2383 episcopatui

859 2410 1003 2485 divulgat.

406 2552 518 2614 Simon
543 2552 594 2612 dei
620 2566 650 2613 et
680 2551 856 2633 apostolice
886 2551 971 2611 sedis
1001 2551 1107 2633 gracia
1143 2551 1312 2634 episcopus
1345 2552 1477 2614 ecclesie
1514 2574 1566 2614 za·
1660 2563 1664 2569 '

298 2658 484 2741 grabiensis.
510 2657 675 2720 Universis
699 2671 729 2719 et
753 2657 888 2738 singulis
920 2657 1112 2735 reverendis,
1145 2657 1304 2739 religiosis
1337 2672 1367 2719 et
1398 2659 1566 2720 venerabi·

299 2766 384 2827 libus
407 2763 564 2826 dominis:
589 2763 769 2845 prepositis,
794 2763 973 2840 abhatibus,
1006 2763 1176 2844 prioribus,
1208 2763 1346 2842 vicariis,
1369 2762 1564 2845 gvardianis,

299 2869 542 2946 archidiaconis,
567 2869 712 2951 plebanis
735 2882 767 2930 et
790 2887 901 2929 eorum
925 2867 1009 2929 vices
1031 2869 1227 2949 gerentibus,
1259 2888 1295 2929 ac
1328 2869 1400 2930 aliis
1432 2871 1566 2951 quibus·

299 2977 378 3038 libet
401 2989 466 3037 tam
490 2975 647 3056 religiosis
671 2994 767 3056 quam
792 2974 988 3035 secularibus
1012 2975 1156 3056 personis
1180 2975 1368 3056 ubicunque
1387 2975 1467 3037 intra
1486 2974 1566 3037 fines

300 3081 456 3144 dioecesis
481 3094 585 3142 nostre
610 3079 824 3161 zagrahiensis
847 3079 1026 3140 constitutis
1050 3093 1081 3140 et
1104 3080 1378 3142 commorantibus
1402 3095 1567 3162 presentes

301 3189 424 3265 visuris,
449 3187 587 3264 lecturis,
616 3200 650 3247 et
672 3186 735 3267 legi
760 3185 925 3263 audituris,
949 3185 1084 3246 salutem
1100 3185 1130 3245 in
1158 3185 1292 3246 domino
1326 3185 1566 3267 sempiternam,

301 3294 481 3374 nostrisque
506 3293 605 3353 immo
629 3292 735 3353 verius
758 3290 942 3372 apostolicis
966 3304 997 3351 et
1021 3291 1089 3351 eius
1114 3290 1153 3350 de
1178 3290 1275 3352 latere
1298 3290 1393 3372 legati
1426 3290 1564 3351 obedire

301 3399 469 3460 mandatis.
494 3397 664 3473 Noveritis,
685 3417 744 3458 nos
767 3397 924 3478 preteritis
947 3396 1061 3457 diebus
1094 3395 1133 3457 de
1163 3396 1314 3457 mandato
1347 3409 1378 3456 et
1400 3396 1567 3457 voluntate

300 3503 492 3565 serenissimi
518 3502 642 3563 domini
670 3503 779 3580 nostri,
805 3502 926 3563 domini
961 3501 1118 3562 Ludouici
1151 3502 1315 3582 Hungarie
1347 3514 1378 3561 et
1409 3500 1566 3563 Bohemie

302 3624 361 3671 etc.
386 3609 479 3689 regis,
503 3607 626 3669 domini
652 3608 750 3668 nostri
786 3607 1023 3688 graciosissimi,
1048 3627 1104 3688 per
1140 3620 1241 3668 totam
1277 3606 1358 3668 hanc
1392 3605 1566 3668 dioecesim

303 3728 443 3788 nostram¹
478 3713 715 3794 zagrahiensem
741 3732 861 3774 annum
886 3711 996 3792 jubilei
1021 3712 1060 3773 ad
1082 3731 1217 3792 regnum
1251 3712 1415 3794 Hungarie
1447 3725 1478 3774 et
1509 3710 1565 3774 bas

303 3834 407 3903 partes
431 3819 519 3898 regni
545 3818 735 3879 Sclauoniae
761 3838 778 3878 a
802 3818 876 3879 sede
901 3818 1076 3899 apostolica
1101 3818 1310 3879 annuendum
1335 3831 1366 3879 et
1381 3817 1561 3880 conceden-

303 3926 380 3986 dum
405 3923 512 4001 luisse,
537 3922 732 4005 promulgari
752 3923 878 3998 fecisse;
903 3922 1126 4003 cuiusquidem
1151 3924 1225 3984 anni
1250 3922 1359 4003 jubilei
1384 3923 1563 4004 graciosarn

304 4029 542 4092 concessionem
568 4043 598 4091 et
624 4029 785 4090 indultum
811 4041 915 4090 tama
942 4028 1027 4109 regia
1053 4029 1217 4089 Maiestate
1241 4048 1338 4110 quam
1363 4028 1469 4110 legato
1494 4047 1565 4109 pre·

304 4135 369 4197 fato
401 4136 501 4195 immo
537 4134 623 4195 illius
655 4153 766 4195 verum
798 4148 828 4194 et
852 4133 1067 4194 indubitatum
1103 4147 1338 4216 transumptum
1372 4132 1565 4215 accepimus,
1660 4184 1666 4191 .

208 4308 210 4313 ,
303 4255 498 4323 quapropter
521 4240 613 4301 vobis
636 4239 792 4301 universis
807 4253 839 4300 et
854 4239 989 4321 singulis
1017 4239 1157 4300 dominis
1173 4239 1362 4321 supradictis
1385 4238 1418 4299 in
1447 4238 1564 4299 virtute

305 4345 451 4407 salutaris
485 4346 673 4407 obediencie
708 4359 739 4406 et
773 4347 832 4406 sub
868 4365 949 4427 pena
985 4345 1331 4406 excommunicacionis
1362 4343 1565 4421 mandamus,

305 4465 462 4533 quatenus
485 4452 621 4533 acceptis
644 4452 854 4533 presentibus,
879 4471 914 4512 ac
938 4451 1015 4512 dum
1050 4463 1080 4511 et
1104 4451 1234 4532 quando
1266 4469 1338 4512 cum
1364 4449 1565 4532 presentibus

305 4555 427 4617 fueritis
451 4556 594 4638 requisiti
619 4556 670 4618 vel
693 4557 773 4619 alter
798 4571 938 4618 vestrum
962 4554 1058 4618 fuerit
1090 4556 1261 4637 requisitus
1293 4556 1324 4617 in
1359 4553 1502 4616 ecclesiis
1534 4567 1566 4615 et

304 4662 505 4724 monasteriis
516 4682 552 4724 ac
564 4663 874 4725 archidiaconatibus
887 4663 998 4725 vestris
1013 4664 1112 4724 verbo
1128 4661 1180 4723 vel
1195 4661 1308 4723 litteris
1321 4679 1429 4723 coram
1446 4658 1562 4742 populi

306 4766 512 4829 multitudine
536 4768 720 4831 huiusmodi
743 4769 919 4850 graciosam
941 4769 1181 4830 concessionem
1204 4766 1279 4828 anni
1310 4765 1422 4848 jubilei
1447 4764 1478 4826 in
1504 4763 1565 4827 hoc
