3472 5242
673 338 750 398 Dec.
767 352 797 414 4.
816 370 858 381 -
881 338 936 398 An.
957 349 1047 412 1500.
1472 358 1492 420 7

230 439 426 446 —-.-.—.-
443 440 522 445 ——-
544 440 719 448 m·
737 442 1275 453 --——.—-——.——..—.—-—
1288 446 1302 452 ..
1317 445 1490 452 ———

226 559 299 623 item,
319 561 378 611 dum
389 561 522 627 Johannes
544 567 635 612 custos
649 563 763 613 ecclesie
777 564 923 628 assignavit
937 565 1056 616 manibus
1070 565 1170 616 nostris

296 649 421 712 pecunias
432 650 463 698 ad
478 650 584 700 labores
597 651 747 715 deputatos,
758 658 943 703 connumerale
954 658 1013 702 sunt
1024 658 1052 703 et
1065 659 1169 716 reperte

298 750 355 786 cum
375 737 491 788 delectu>
522 776 527 787 .
558 777 563 788 .
593 777 598 787 .
630 769 632 773 ι
664 777 1167 792 ...............
1192 742 1216 792 li.
1238 741 1283 793 Xil

229 823 302 881 item,
322 825 438 874 Andreas
459 826 588 890 literatus,
600 824 705 878 curialis
726 831 818 878 noster
836 829 1025 893 zagrabiensis,
1037 829 1127 880 habuit
1140 831 1173 880 de

297 912 416 963 manibus
437 914 535 964 nostris
556 920 583 965 et
602 916 726 979 exposuit
746 916 777 965 ad
797 918 907 968 eosdem
925 918 1057 969 labores.
1087 957 1092 968 .
1122 957 1128 967 .
1158 956 1164 970 .
1189 919 1213 969 li.
1233 918 1256 969 le
1271 918 1339 969 Villi

825 1093 899 1145 1502.

227 1195 299 1261 item,
314 1196 380 1247 feria
398 1200 513 1249 secunda
531 1204 591 1262 post
610 1200 705 1250 lestum
725 1205 816 1251 sancte
829 1199 966 1252 Trinitatis
982 1215 1030 1264 per
1043 1199 1172 1252 Andream

297 1286 442 1349 doctorem,
462 1287 673 1349 archidiaconum
693 1287 803 1339 KemIeir
823 1294 848 1339 et
869 1288 976 1339 Paulum
996 1289 1105 1353 Roycha
1127 1304 1168 1340 ca·

296 1375 407 1425 nonicos
427 1375 615 1440 zagrabienses
636 1375 752 1427 misimus
775 1377 891 1441 capitulo
910 1390 960 1441 pro
980 1375 1163 1428 continuandis

297 1462 363 1526 ipsis
384 1463 520 1514 laboribus
559 1502 1175 1516 ..................
1200 1466 1224 1517 u.
1245 1466 1280 1516 ve

227 1549 299 1613 item,
323 1548 349 1601 iu
368 1549 467 1623 vigilia
494 1552 554 1603 festi
580 1552 759 1605 Bartholomei
785 1554 918 1617 apostoli,
944 1567 1001 1603 cum
1031 1567 1080 1604 nos
1107 1568 1164 1616 per·

297 1639 426 1690 sonaliter
437 1642 641 1704 expectabamus
661 1643 800 1691 adventum
814 1641 940 1705 reginalis
954 1640 1110 1704 Maiestatis,
1124 1655 1172 1705 per

297 1727 451 1792 magistrum
468 1729 612 1794 iohannem
633 1730 814 1779 chasmensem
834 1729 986 1780 canonicum
1000 1729 1117 1780 misimus
1137 1730 1168 1779 ad

298 1815 444 1867 sacristiam
465 1817 583 1867 manibus
603 1817 768 1868 dominorum
782 1819 976 1881 presentandos
983 1855 1169 1868 ......
1195 1818 1220 1868 fl.
1240 1816 1275 1868 lic

829 1991 906 2044 1503.

233 2092 307 2156 item,
322 2092 388 2146 leria
406 2100 483 2146 sexta
508 2097 628 2159 proxima
646 2102 706 2147 ante
726 2097 821 2147 festum
847 2099 924 2148 beate
947 2095 1047 2162 Sophie
1066 2112 1114 2161 per
1132 2113 1183 2149 ma·

306 2183 417 2247 gistrum
446 2183 576 2236 Matheum
606 2187 741 2236 custodem
767 2191 792 2235 et
818 2186 970 2237 canonicum
996 2186 1176 2238 chasmensem

305 2271 424 2322 misimus
444 2273 560 2335 capitulo
580 2274 745 2336 zagrabiensi
780 2312 1176 2326 ............
1202 2275 1226 2326 u.
1245 2272 1321 2337 llllll

827 2450 901 2501 1504.

228 2548 294 2602 item
314 2552 338 2602 in
359 2553 428 2603 lesto
447 2554 630 2605 conversionis
651 2555 720 2605 beati
736 2555 808 2605 Pauli
827 2555 945 2618 apostoli
961 2570 1008 2606 nos
1024 2557 1073 2619 ipsi
1087 2557 1171 2621 assig-

298 2641 416 2691 navimus
436 2642 552 2704 capitulo
561 2680 1165 2694 ..................
1191 2644 1214 2695 ll.
1234 2641 1343 2696 11111111ο
1362 2647 1475 2700 xxvllll

826 2819 899 2870 1505.

228 2922 300 2983 item.
318 2925 387 2975 circa
405 2926 499 2976 festum
520 2925 684 2978 ascensionis
698 2924 803 2975 Domini
822 2939 869 2989 pro
886 2925 1003 2975 emendis
1017 2925 1100 2975 tribus
1116 2940 1175 2976 cen·

298 3013 406 3063 tenariis
415 3014 499 3064 stanni
512 3019 537 3064 et
549 3013 747 3063 sedecimlibris
763 3013 819 3063 cruri
831 3027 878 3077 pro
890 3027 991 3077 organo
1002 3013 1167 3077 zagrabiensi

299 3115 346 3165 per
366 3102 516 3166 magistrum
536 3101 649 3151 Marcum
669 3101 764 3164 suendo,
785 3102 904 3152 dedimus
955 3139 1172 3152 .......
1199 3102 1223 3154 ll.
1243 3101 1390 3161 Lxxxvvs

229 3187 301 3249 item,
314 3186 338 3238 in
359 3190 428 3241 lesto
448 3190 532 3240 sancti
550 3190 678 3256 Johannis
696 3193 757 3240 aute
776 3193 879 3253 portam
899 3187 1007 3240 latinam
1027 3203 1076 3253 per
1092 3204 1168 3238 vene-

299 3276 396 3328 rabiles
415 3278 552 3329 hibertum
574 3278 739 3343 prepositum
754 3283 781 3328 et
794 3279 922 3328 Andream
937 3279 1073 3328 doctorem
1087 3277 1169 3327 archi·

299 3366 437 3417 diaconum
457 3366 538 3418 Bexin
559 3367 673 3418 ecclesie
693 3372 784 3417 nostre
804 3366 985 3431 zagrabiensis
1004 3365 1122 3416 misimus
1140 3380 1172 3415 ex

301 3454 411 3505 Chasma
431 3455 549 3506 manibus
570 3454 734 3506 dominorum
754 3456 786 3505 de
806 3454 922 3519 capitulo
947 3490 1166 3505 .......
1192 3454 1217 3504 li.
1237 3450 1309 3505 nulle
1324 3453 1433 3514 illill¹lr

336 3561 419 3612 Lucas
439 3562 582 3626 episcopus
603 3562 716 3612 ecclesie

371 3632 561 3697 zagrabiensis,
581 3647 656 3683 manu
675 3632 792 3697 propria.

230 3807 608 3884 **)Quomodopecrent'‹1eb
631 3808 772 3869 Oswaldo
794 3817 822 3867 el
836 3809 919 3868 Luca
935 3810 1069 3882 episcopis
1091 3810 1134 3866 ad
1145 3812 1287 3868 ecclesiam
1302 3809 1498 3871 cathedralem

274 3900 476 3958 ubstmeudam
493 3902 656 3972 perscrplla
678 3902 717 3956 sit
737 3899 896 3971 absumpta,
920 3899 1093 3971 intelligitur
1113 3917 1151 3955 ex
1173 3899 1291 3971 epistola
1313 3902 1461 3973 sequenti:

337 4037 482 4087 Reverendi
512 4037 615 4088 Domini
648 4040 673 4087 el
693 4042 782 4101 patres
811 4035 1049 4098 observantissimi,
1069 4036 1223 4087 felicitatem
1243 4040 1269 4086 et
1290 4036 1412 4086 devotam
1433 4034 1496 4108 mei,

230 4128 454 4190 serviciorumque
474 4140 590 4177 meorum
611 4124 876 4176 commendacionem.
896 4124 997 4175 Literas
1018 4123 1235 4174 Dominacionum
1254 4127 1401 4175 vestrarum
1421 4137 1495 4174 reve·

231 4217 377 4279 rendarum,
397 4217 411 4263 4
428 4214 548 4278 januarii,
568 4212 700 4280 Zagrahia
724 4215 756 4262 ad
777 4228 817 4263 me
836 4214 921 4274 datas,
941 4212 1073 4276 hodieque
1099 4216 1140 4263 est
1165 4213 1197 4262 25
1227 4212 1354 4275 eiusdem,
1373 4210 1494 4263 redditas

230 4303 365 4367 accepim
385 4303 510 4352 confesso
531 4308 584 4351 est:
607 4316 646 4351 me
666 4302 743 4351 istius
757 4300 871 4351 ecclesie
891 4301 1030 4351 commoda
1048 4306 1075 4350 et
1095 4300 1222 4350 utilitates
1244 4298 1385 4363 quaslibet,
1396 4299 1491 4349 volens

230 4389 374 4454 lubensque
394 4391 506 4440 ubilibet
531 4390 650 4439 omnibus
671 4389 767 4451 nervis,
787 4389 940 4452 viribusque
960 4401 1065 4450 semper
1087 4400 1195 4438 curasse
1216 4401 1245 4436 ac
1265 4385 1442 4449 promovisse,
1464 4392 1492 4436 et

231 4495 296 4530 nunc
318 4494 422 4544 quoque
443 4479 464 4528 si
479 4494 529 4542 qua
546 4478 571 4528 in
588 4478 693 4528 racione
709 4479 874 4528 commodato
887 4477 924 4526 illi
938 4490 1054 4539 possem,
1068 4475 1131 4525 nihil
1145 4474 1266 4538 prolecto
1280 4474 1306 4523 in
1319 4486 1360 4523 me
1374 4474 1493 4536 deesset,

231 4569 292 4633 quin
312 4569 429 4618 manibus
454 4568 619 4630 pedibusque
641 4568 672 4616 ad
693 4580 750 4616 eam
772 4567 917 4627 iuvandam,
937 4565 1132 4627 ornandamque
1150 4575 1322 4613 accurrerem.
1343 4559 1382 4610 ile
1402 4562 1491 4624 rebus,

231 4656 402 4719 pecuniisque
428 4654 541 4705 Oswaldi
566 4654 695 4717 episcopi.
715 4654 837 4718 pusillum
862 4658 911 4710 est,
931 4654 1000 4717 quod
1026 4666 1077 4716 ego
1097 4652 1186 4713 sciam,
1207 4649 1313 4700 hiennio
1337 4648 1405 4699 enim
1426 4656 1488 4711 post

231 4746 368 4794 decessum
388 4743 454 4804 eius,
476 4741 594 4803 Patauio,
608 4741 830 4791 reverendissimo
845 4741 895 4790 iam
909 4739 978 4789 Luca
991 4740 1120 4804 episcopo
1143 4740 1292 4789 cathedram
1306 4737 1487 4800 episcopalem

230 4837 344 4893 tenente,
364 4829 520 4895 Zagrahism
544 4830 681 4880 redieram.
704 4830 842 4879 Audieram
868 4835 953 4878 tamen
973 4834 1053 4887 certo¹
1081 4842 1128 4878 nec
1157 4829 1251 4878 desunt
1276 4824 1355 4875 hodie
1382 4838 1487 4888 quoque
