3472 5242
245 310 287 390 64
659 311 734 370 Doc.
762 308 811 372 62.
839 344 884 354 -
910 313 964 368 An.
994 305 1085 384 1508.

244 536 357 616 Crisio,
371 537 535 619 Mikulych
560 536 673 615 dictus,
697 537 804 597 senior
827 535 922 614 judex
947 549 979 598 et
1001 537 1143 597 concivis
1166 549 1285 616 noster,
1303 538 1343 599 ad
1368 551 1510 599 nostram

244 642 455 725 personaliter
485 643 618 703 veniens
649 642 845 723 presenciam
876 641 1042 704 confessus
1065 643 1168 704 estin
1191 641 1276 705 hunc
1301 643 1452 706 modum:
1478 657 1513 704 ut

245 749 311 831 ipse
335 747 497 829 quandam
522 762 637 810 terram
655 768 745 809 suam
763 748 926 826 arabilem,
948 768 1045 830 penes
1065 748 1177 830 thopol
1195 763 1354 827 vocatum,
1372 749 1404 810 in
1421 749 1510 811 terri·

244 854 327 916 torio
340 874 397 915 seu
412 873 526 937 campo
539 853 676 916 civitatis
687 853 807 935 prefate
821 855 902 915 inter
914 866 1030 915 terram
1044 853 1213 915 atrabilem
1227 854 1393 915 kolendini
1411 855 1511 916 sancti

245 959 329 1021 Petri
362 962 402 1021 ab
433 960 580 1021 orientali
612 979 647 1020 ac
679 960 761 1020 inter
791 960 877 1021 viam
908 979 1115 1021 communem
1149 973 1180 1021 et
1203 960 1367 1041 quandam
1390 973 1511 1022 terram

245 1084 464 1126 successorum
488 1065 625 1126 condam
651 1065 865 1147 Fistrowycza
886 1078 997 1126 vocata
1014 1085 1031 1126 a
1048 1078 1135 1146 parte
1152 1066 1367 1144 meridionali,
1384 1084 1510 1129 necnon

245 1172 327 1233 inter
355 1187 471 1232 terram
504 1171 673 1232 atrabilem
703 1171 864 1252 prebende
898 1171 996 1232 sancti
1029 1172 1157 1233 Martini
1186 1172 1218 1233 in
1243 1172 1392 1254 hospitali
1417 1173 1509 1234 beate

245 1277 378 1359 virginis
409 1279 449 1338 ab
480 1276 669 1339 occidentali
701 1291 733 1338 et
766 1277 848 1338 inter
879 1277 963 1338 viam
992 1296 1197 1339 communem
1221 1298 1238 1339 a
1263 1292 1351 1360 parte
1374 1290 1511 1360 septem·

244 1383 373 1445 trionali
405 1383 546 1445 habitam
578 1396 609 1444 et
637 1383 834 1461 existentem,
859 1403 912 1444 sex
937 1383 1038 1444 dietas
1061 1397 1143 1444 terre
1168 1384 1199 1445 in
1225 1404 1257 1446 se
1282 1385 1510 1462 continentem,

246 1490 351 1571 ipsum
374 1489 496 1550 scilicet
519 1489 702 1550 Emericum
727 1489 901 1550 litteratum
924 1509 941 1550 a
965 1489 1102 1570 provido
1119 1490 1188 1551 viro
1206 1490 1334 1551 Andrea
1351 1488 1509 1567 carnifice,

245 1594 312 1656 lilio
344 1594 480 1656 condam
514 1595 668 1657 Demetrii
700 1593 872 1676 Ribarych,
901 1594 980 1656 olim
1012 1596 1144 1656 concive
1178 1608 1299 1674 nostr0,
1332 1595 1512 1678 empcionia

245 1701 339 1763 titulo
364 1702 549 1763 litteratorie
575 1714 832 1779 concernentem,
853 1714 948 1784 prout
972 1700 1032 1762 hoc
1057 1702 1088 1761 in
1114 1701 1252 1782 quadam
1278 1702 1380 1763 littera
1403 1714 1510 1764 nostra

245 1827 302 1868 seu
332 1808 467 1869 civitatis
497 1806 629 1890 prefate,
654 1820 799 1889 tempore
831 1806 990 1888 judicatus
1022 1806 1180 1888 Gregorii,
1212 1807 1269 1869 filii
1303 1809 1442 1887 Andree,
1470 1808 1510 1870 de

244 1933 330 1975 anno
354 1914 478 1976 domini
503 1913 675 1974 millesimo
700 1913 960 1995 quingentesimo
983 1913 1132 1995 septimo,
1150 1915 1283 1975 sabbato
1306 1913 1359 1977 die
1380 1913 1510 1977 infesto

245 2020 329 2082 beati
355 2020 467 2082 Briccii
498 2020 639 2101 episcopi
664 2033 694 2080 et
723 2017 914 2080 confessoris
936 2019 1119 2101 nuperrime
1148 2019 1315 2101 preteritis,
1340 2040 1398 2102 pro
1421 2031 1510 2102 parte

246 2125 345 2206 ipsius
382 2125 519 2186 Emerici
558 2124 685 2186 litterati
721 2124 891 2206 superinde
926 2122 1070 2186 confecta
1109 2138 1140 2185 et
1174 2138 1331 2203 emanata,
1363 2142 1511 2206 expresse

246 2230 387 2292 vidimus
418 2230 562 2292 occulata
595 2243 628 2292 et
660 2250 768 2291 coram
803 2230 897 2292 nobis
929 2230 961 2291 in
995 2230 1100 2312 specie
1125 2230 1293 2307 conducta,
1317 2230 1413 2291 simul
1437 2249 1510 2293 cum

246 2336 398 2397 omnibus
422 2336 566 2397 eiusdem
598 2335 706 2397 totalis
727 2349 809 2397 terre
838 2335 982 2397 arrabilis
1006 2335 1207 2414 utilitatibus,
1232 2335 1364 2415 juribus,
1389 2336 1510 2415 usibus,

246 2441 480 2521 integritatibus
496 2457 526 2502 et
542 2442 746 2522 pertinenciis
764 2441 920 2502 universis
937 2441 1074 2523 provido
1085 2454 1116 2501 ct
1129 2440 1264 2502 honesto
1277 2441 1346 2503 viro
1361 2440 1508 2504 Michaeli

247 2546 386 2627 pellihci,
410 2547 527 2608 seniori
553 2546 655 2625 jurato
680 2561 711 2608 et
733 2547 858 2608 concivi
882 2560 990 2608 nostro
1015 2566 1050 2607 ac
1075 2564 1227 2628 pereum
1252 2547 1317 2607 suis
1339 2547 1511 2608 heredibus

246 2671 305 2733 pro
329 2652 468 2713 sedecim
492 2652 622 2713 florenis
644 2652 710 2714 auri
737 2672 793 2734 per
817 2652 956 2713 eundem
980 2652 1172 2713 Michaelem
1199 2651 1369 2733 pellificem
1386 2649 1510 2734 prefato

247 2758 395 2819 Emerico
433 2758 580 2838 litteram,
605 2771 700 2840 prout
724 2759 858 2840 ipsemet
889 2758 982 2820 nobis
1014 2759 1132 2836 retulit,
1157 2758 1220 2839 jam
1252 2759 1345 2841 plene
1373 2757 1455 2819 datis
1478 2771 1509 2820 et

247 2864 426 2945 persolutis,
455 2864 649 2925 vendidisset
676 2877 707 2925 ct
735 2865 931 2943 contulisset,
964 2865 1063 2925 immo
1088 2884 1124 2924 ex
1150 2884 1306 2926 consensu
1330 2864 1509 2926 vicinorum

211 2970 214 2977 '
246 2969 463 3051 predictorum
486 2971 630 3031 vendidit
655 2984 685 3031 et
709 2971 845 3032 contulit
868 2989 975 3031 coram
999 2971 1093 3032 nobis
1116 2970 1184 3050 jure
1208 2986 1364 3052 perpetuo
1388 2984 1419 3031 et
1434 2970 1509 3030 irre·

247 3076 432 3138 vocabiliter
462 3076 646 3155 tenendam,
674 3076 902 3158 possidendam
934 3076 1051 3158 pariter
1083 3092 1113 3137 ct
1145 3076 1324 3137 habendam
1356 3096 1392 3137 ac
1423 3076 1509 3136 iuxta

247 3181 471 3243 condicionem
495 3182 630 3243 civitatis
654 3195 819 3264 prenotate
840 3184 880 3244 ab
897 3183 1030 3263 antiquo
1047 3182 1285 3264 privilegialiter
1301 3183 1508 3264 approbatam

247 3306 453 3368 quocumque
486 3288 624 3350 voluerit
656 3287 901 3370 disponendam.
938 3289 970 3348 ln
1002 3288 1092 3349 cuius
1123 3289 1167 3348 rei
1200 3289 1389 3350 memoriam
1414 3302 1509 3369 atque

246 3394 478 3472 testimonium,
497 3394 745 3475 firmitatemque
764 3409 949 3476 perpetuam
973 3407 1136 3476 presentes
1159 3395 1266 3473 sigillo
1291 3408 1399 3456 nostro
1422 3414 1508 3455 com-

246 3500 336 3561 muni
371 3501 546 3577 roboratas,
575 3499 680 3561 eidem
716 3499 865 3567 duximus
897 3500 1128 3560 concedendas.
1161 3500 1279 3561 Datum
1314 3498 1392 3561 feria
1423 3511 1508 3562 sexta

248 3606 392 3687 proxima
425 3619 497 3686 post
529 3605 645 3666 festum
672 3605 872 3666 Invencionis
899 3619 1006 3666 sancte
1031 3606 1142 3667 crucis.
1167 3610 1263 3666 Anno
1288 3605 1412 3667 domini
1437 3605 1509 3666 mil-

247 3710 360 3772 lesimo
385 3712 643 3792 quingentesimo
668 3725 793 3772 octavo.

320 3833 455 3898 Originale
476 3833 500 3885 in
520 3834 713 3885 membranah
733 3838 810 3898 tergo
831 3834 988 3896 impressum
1009 3838 1048 3882 est
1068 3833 1185 3897 sigillum
1207 3835 1359 3885 communis.
1370 3831 1400 3885 ln
1411 3835 1509 3886 archiv.

247 3920 305 3974 inel.
323 3923 408 3973 Accad
439 3921 536 3973 Scient.
558 3920 659 3973 Slavor.
680 3921 771 3971 merid.

855 4115 916 4180 62.

351 4222 425 4273 Anno
448 4221 523 4287 1508,
544 4222 584 4273 31.
604 4219 673 4271 maii.
696 4220 793 4270 Budae.

255 4328 427 4397 Vlodislaus,
453 4330 609 4402 Hungarie
630 4336 680 4389 etc.
705 4347 771 4401 rex,
796 4328 993 4384 communitati
1012 4328 1139 4387 cruciatis
1155 4332 1246 4406 jubet,
1273 4339 1306 4388 ut
1327 4331 1360 4386 de
1384 4330 1509 4387 Mcoloo

247 4431 423 4503 Saldiaaric,
446 4437 498 4508 qui
525 4436 662 4492 canonico
684 4433 887 4490 archidiacono
901 4434 1021 4508 fiotum
1040 4435 1123 4511 fecit,
1147 4434 1314 4511 exlegibus
1340 4438 1507 4494 sententiam

344 4541 437 4615 ferat,
463 4541 659 4614 incusabatque
680 4540 723 4596 ad
741 4559 775 4596 ea
798 4539 949 4614 reddendo,
974 4559 1047 4613 quae
1063 4542 1150 4614 furto
1172 4552 1241 4600 sunt
1261 4550 1402 4615 surrepta.

933 4660 1091 4712 Commissio
1112 4663 1220 4726 propria
1240 4662 1337 4713 domini
1357 4663 1436 4728 regis.

352 4764 550 4828 Wladislaus
570 4765 622 4828 dei
645 4767 750 4847 gracia
774 4785 828 4828 rex
852 4767 1018 4848 Hungarie
1042 4781 1073 4830 et
1096 4767 1250 4830 Bohemie
1267 4782 1325 4830 etc.
1342 4768 1509 4830 Fidelibus

310 4867 375 4949 ris,
399 4873 612 4953 prudentibus
636 4886 668 4934 et
690 4872 927 4956 circumspectis
950 4871 1048 4948 iudici
1064 4887 1094 4935 et
1110 4873 1220 4954 juratis
1235 4874 1358 4937 civibus
1373 4874 1509 4938 civitatis
