3472 5242
643 334 714 393 Duc.
730 345 785 408 50,
807 345 859 408 51.
882 367 918 375 —-
944 335 1000 393 An.
1016 333 1106 408 1506.

758 550 762 558 ’
850 562 914 627 50.

348 701 422 751 Auno
444 700 518 766 1506,
538 701 580 752 22.
600 700 696 753 martli.
715 699 745 752 ln
764 699 903 752 Rakonok

243 828 368 885 Beatrix
405 830 439 884 de
462 828 714 903 Frangepant'bus‚
746 830 867 900 ducissa,
888 831 1038 904 fratribus
1069 830 1278 888 Remetensibus
1307 832 1438 902 concedit,
1474 843 1507 890 ut

319 953 414 991 corum
438 953 511 1005 oties,
534 937 653 1009 aliaque
674 937 818 994 animalia
842 939 872 993 in
895 936 980 1009 agris
1002 936 1095 994 castri
1116 936 1243 994 Medved
1259 946 1428 1010 pascantur.

346 1073 413 1134 Nos
437 1075 562 1136 Beatrix
587 1074 627 1136 de
656 1075 929 1156 frangepanibus,
961 1074 1166 1138 illustrissimi
1191 1075 1356 1156 quondam
1383 1076 1508 1138 domini

242 1179 374 1240 loannis
407 1179 553 1258 Coruini,
586 1181 735 1261 liptouie
772 1180 861 1242 ducis
886 1201 923 1243 ac
955 1199 1128 1261 regnorum
1164 1180 1340 1260 Dalmacie‚
1374 1181 1506 1244 Croacie

241 1299 272 1346 et
304 1285 473 1347 Sclavonie
504 1286 577 1347 bani
609 1299 667 1348 etc.
694 1287 849 1348 Memorie
878 1287 1144 1350 commendamus
1171 1300 1282 1349 tenore
1307 1287 1505 1368 presencium

240 1389 465 1471 significantes,
490 1392 609 1472 quibus
633 1392 760 1474 expedit
785 1393 950 1455 universis.
968 1392 1066 1466 Quod
1092 1413 1150 1454 nos
1173 1407 1242 1455 tum
1267 1393 1421 1457 habentes
1444 1412 1507 1454 res·-

240 1509 367 1576 pectum
392 1516 465 1577 erga
489 1496 661 1558 claustrum
686 1499 776 1559 beate
799 1498 897 1561 Marie
922 1499 1064 1578 virginis,
1082 1517 1183 1580 prope
1205 1513 1343 1561 castrum
1360 1513 1504 1560 nostrum

242 1600 367 1662 Medwe
392 1615 552 1678 vocatum,
570 1600 749 1679 fundatum,
769 1615 837 1664 tum
862 1603 963 1664 eciam
987 1604 1027 1664 ad
1051 1603 1208 1665 humilem
1233 1604 1505 1686 supplicacionem

242 1707 431 1768 venerabilis
468 1707 570 1768 fratris
607 1709 716 1785 Marci,
754 1709 860 1770 sicarii
897 1709 1040 1771 eiusdem
1077 1709 1181 1788 castri,
1216 1709 1338 1770 ordinis
1374 1708 1505 1771 fratrum

241 1813 453 1874 Eremitarurn
479 1814 510 1875 in
536 1834 591 1875 sua
616 1828 646 1876 et
670 1814 801 1876 fratrum
827 1815 858 1875 in
884 1814 999 1876 eodem
1024 1815 1234 1896 degencium3
1252 1834 1326 1876 cum
1350 1816 1450 1876 eciam
1475 1830 1506 1876 et

239 1919 402 2000 potissime
435 1922 476 1980 ob
510 1939 599 2001 spem
632 1933 663 1981 et
693 1920 919 1998 devocionom,
952 1940 1048 2002 quarn
1082 1920 1238 1982 habemus
1272 1940 1346 2001 erga
1378 1921 1504 1982 beatam

240 2024 395 2104 virginem
422 2026 566 2104 Mariam,
592 2026 761 2107 specialem
785 2025 972 2087 advocatam
991 2039 1132 2087 nostram
1149 2040 1180 2087 et
1196 2027 1355 2088 dictorum
1374 2025 1503 2088 fratrum

240 2130 453 2191 Eremitarum
486 2131 651 2193 oraciones
676 2145 706 2192 et
730 2131 889 2212 sutfragia,
914 2132 946 2192 id
978 2132 1193 2193 concessimus
1222 2147 1253 2193 et
1276 2131 1448 2193 annuimus
1473 2133 1504 2193 in

239 2250 428 2317 perpetuum
454 2258 489 2296 ex
515 2237 644 2319 speciali
670 2237 775 2318 gracia
799 2252 829 2297 et
858 2238 1087 2299 benevolencia
1112 2252 1229 2316 nostra,
1254 2251 1288 2298 ut
1312 2238 1370 2319 ipsi
1396 2236 1505 2298 fratres

238 2357 401 2422 presentes
426 2357 455 2403 et
480 2343 588 2420 futuri,
614 2363 725 2405 eorum
750 2363 826 2404 oves
849 2357 878 2404 et
900 2344 961 2405 alia
979 2343 1129 2405 animalia
1147 2344 1179 2404 in
1197 2343 1313 2404 nostris
1329 2343 1504 2422 montibus,

238 2448 338 2526 terris,
362 2448 443 2510 infra
469 2464 569 2511 metas
593 2448 669 2510 dicti
693 2450 819 2511 claustri
846 2463 877 2511 et
901 2451 992 2511 castri
1018 2451 1116 2512 nostri
1146 2450 1273 2511 Medwe
1298 2463 1329 2511 et
1353 2449 1384 2509 in
1408 2449 1504 2531 perti-

238 2554 358 2615 nenciis
383 2554 458 2615 ville
482 2569 587 2615 nostre
613 2554 760 2617 Grachan
785 2570 907 2633 vocate,
925 2556 1051 2617 valeant
1072 2555 1172 2617 libere
1195 2575 1324 2637 pascere
1341 2569 1372 2616 et
1390 2555 1503 2616 nutriri

238 2658 340 2721 facere
376 2661 444 2722 sine
483 2661 625 2743 dampno
665 2674 771 2723 tamen
812 2675 952 2724 satorum
990 2675 1020 2723 et
1056 2663 1222 2723 vinearum
1257 2674 1437 2723 nostrarum
1473 2673 1504 2723 et

238 2764 447 2846 jobagionum
478 2767 625 2827 similiter
656 2781 849 2828 nostrorum.
880 2769 913 2829 ln
939 2768 1029 2830 cuius
1054 2768 1098 2829 rei
1123 2767 1230 2845 fidem,
1255 2766 1502 2848 firmitatemque

238 2885 423 2951 perpetuam
456 2886 617 2953 presentes
650 2873 757 2933 literas
781 2887 903 2934 nostras
927 2873 1034 2953 sigillo
1059 2887 1169 2934 nostro
1193 2892 1258 2954 quo
1283 2873 1403 2934 utimur
1427 2891 1503 2932 con·

237 2977 386 3057 signatas,
411 2978 561 3038 duximus
585 2979 817 3040 concedendas.
851 2979 969 3040 Datum
995 2980 1026 3041 in
1051 2979 1183 3040 castello
1207 2990 1316 3040 nostro
1342 2979 1499 3039 Rakonok

237 3082 269 3142 in
294 3082 456 3144 dominica
491 3085 610 3146 letare.
646 3089 741 3145 Anno
766 3085 890 3146 domini
916 3085 1089 3147 millesimo
1114 3084 1372 3166 quingentesimo
1397 3096 1496 3143 sexto.

343 3204 447 3255 Summa
470 3207 670 3271 privilegiorum
693 3213 835 3258 monaster.
856 3205 1050 3258 Remethensis.
1072 3205 1138 3257 usu
1166 3207 1191 3258 in
1212 3207 1307 3258 archiv.
1328 3204 1387 3257 lnol.
1406 3205 1502 3254 licead,

238 3291 335 3344 Scieut.
357 3292 458 3345 Slavor.
480 3295 570 3345 merid.
592 3295 620 3344 ll.
641 3310 664 3350 c.
685 3297 723 3348 13.

845 3542 897 3607 51.

341 3683 413 3733 Anno
438 3683 511 3748 1506,
531 3684 572 3734 21.
591 3684 760 3745 septembris.
782 3683 878 3733 Budae.

244 3826 417 3896 Vladt'slaus,
441 3828 617 3899 Hurtgarr'oc
639 3835 687 3888 etc.
711 3848 774 3897 rex,
796 3830 1021 3885 communitatem
1049 3829 1173 3884 civitatis
1196 3824 1384 3904 reprehendit
1405 3830 1435 3883 in
1458 3846 1498 3902 eo,

234 3933 313 4006 quod
332 3935 503 3989 ntooastcrio
534 3935 696 3991 chtctensi
716 3936 832 4009 cy'usquc
852 3931 1062 4011 subogionibus
1094 3934 1253 4002 interdicit,
1276 3951 1312 3992 ne
1338 3933 1499 3992 homtin'bus

322 4047 381 4094 tam
405 4040 435 4096 iu
466 4041 622 4098 Corinthia
644 4041 893 4097 commutantibus
915 4059 1005 4113 quam
1032 4041 1100 4096 altis
1123 4038 1224 4097 vt'num
1249 4039 1410 4099 venderent.

340 4160 538 4222 Wladislaus
562 4161 612 4221 dei
636 4161 740 4242 gracia
765 4181 816 4220 rex
843 4161 1008 4240 ilungarie
1033 4175 1064 4222 et
1084 4160 1239 4222 Bohemie
1256 4174 1315 4221 etc.
1333 4159 1498 4222 Fidelibus

235 4265 350 4326 nostris
374 4266 585 4346 prudentibus
609 4279 639 4328 et
663 4267 900 4347 circumspectis
920 4266 1017 4345 judici
1042 4280 1073 4328 et
1097 4265 1207 4346 juratis
1223 4266 1346 4327 civibus
1362 4266 1498 4328 civitatis

235 4384 340 4431 nostre
365 4372 579 4452 zagrabiensis
602 4373 736 4434 salutem
762 4386 792 4433 et
815 4373 966 4452 graciam.
992 4373 1037 4433 Ex
1055 4373 1195 4453 querelis
1213 4386 1243 4433 et
1259 4371 1497 4453 supplicacione

234 4476 458 4557 religiosorum
484 4478 615 4540 fratrum
639 4478 851 4539 Eremitarum
875 4478 997 4539 ordinis
1023 4478 1122 4540 sancti
1137 4478 1227 4540 Pauli
1246 4477 1339 4558 primi
1358 4477 1497 4539 Eremite

235 4581 267 4642 in
299 4581 437 4644 claustro
468 4586 557 4647 beate
591 4584 689 4645 Marie
725 4584 857 4664 virginis
888 4604 983 4666 supra
1014 4584 1132 4646 dictam
1163 4584 1323 4646 civitatem
1355 4596 1497 4645 nostram

234 4688 475 4769 zagrabiensem
500 4689 634 4751 fundato
658 4689 848 4771 degencium
875 4689 1058 4772 accepimus
1082 4688 1258 4751 admodum
1281 4687 1497 4770 displicentes,

234 4792 323 4873 quod
354 4792 427 4855 licet
459 4793 569 4857 fratres
600 4796 659 4877 ipsi
685 4795 836 4874 Eremite,
860 4795 1033 4876 colonique
1057 4795 1232 4859 eorundem
1258 4794 1497 4873 huchbertus,
