3472 5242
234 382 256 451 4
693 365 767 430 Dae.
785 387 813 432 2.
833 407 869 415 —
896 368 1059 447 An,15oo.

233 599 309 676 tabi,
319 598 452 660 domino
463 597 620 679 Gregorio
631 599 770 680 plebano
784 599 914 659 ecclesie
928 599 1025 659 sancti
1037 598 1158 660 Nicolai
1179 599 1210 659 in
1221 597 1391 680 Gragenna
1402 621 1410 675 ;
1422 600 1498 661 item

233 705 364 766 terciam
388 706 501 766 subam
519 704 726 765 consimiliter
750 703 979 782 mardurinam‚
997 703 1145 765 barvazio
1170 717 1365 786 coopertam,
1382 705 1500 786 legavit

234 809 321 871 fratri
339 810 484 871 Fabiano
509 810 541 870 in
558 809 734 888 petrewez,
751 824 786 870 ut
802 822 886 870 emat
907 809 966 870 sibi
985 809 1098 870 exinde
1116 829 1249 891 cappam
1266 830 1375 890 unam,
1393 811 1498 872 eidem

235 916 352 997 legavit
383 915 521 977 florenos
554 915 666 976 decem
696 934 755 996 pro
787 915 890 975 missis
919 928 949 976 et
971 916 1187 977 oracionibus.
1211 916 1289 977 Item
1314 917 1435 998 pileum
1459 917 1498 978 de

234 1023 372 1104 pellibus
396 1021 555 1082 sabellicis
578 1021 697 1100 legavit
720 1020 854 1082 domino
879 1021 1026 1082 Emerico
1043 1022 1182 1103 plebano
1207 1022 1238 1083 in
1263 1022 1406 1084 Palotha,
1421 1023 1498 1084 Item

233 1128 355 1210 pileum
389 1127 428 1187 de
459 1127 622 1188 variolinis
654 1139 685 1187 et
717 1127 844 1207 nigrum
874 1127 995 1207 palium
1030 1126 1148 1206 legavit
1184 1126 1318 1188 domino
1355 1126 1497 1208 Georgio

234 1234 373 1316 plebano
398 1245 503 1293 sancte
528 1232 629 1293 Elene
655 1232 686 1292 in
713 1232 870 1293 Koruska.
885 1231 963 1292 ltem
986 1246 1125 1312 quatuor
1149 1232 1248 1293 bireta
1274 1232 1313 1294 de
1338 1232 1498 1294 skarletho

235 1339 353 1420 legavit
376 1339 598 1399 executoribus
630 1338 704 1399 suis.
729 1338 807 1399 ltem
830 1335 961 1419 prelatis
984 1335 1133 1398 fratribus
1158 1338 1198 1398 de
1222 1337 1386 1399 Petrowcz
1412 1357 1498 1398 com-

235 1445 321 1506 misit
344 1445 410 1506 dari
435 1444 474 1504 de
499 1442 644 1524 frugibus
668 1458 699 1504 et
722 1443 831 1520 blado,
849 1457 1005 1523 quantum
1030 1441 1095 1503 fieri
1120 1455 1224 1524 potest
1244 1455 1374 1525 propter
1391 1443 1498 1504 deum.

235 1551 407 1612 Commisit
438 1550 566 1630 insuper
589 1547 712 1631 prelato
738 1548 948 1630 Cristophoro
981 1549 1153 1609 castellano
1177 1568 1246 1626 suo,
1271 1562 1305 1609 ut
1334 1549 1498 1610 castellum

235 1655 457 1737 Golgoczense
481 1654 671 1736 predictum,
689 1653 859 1735 nullipiam
883 1654 1051 1715 hominum
1076 1653 1116 1715 ad
1137 1673 1251 1715 manus
1272 1655 1421 1735 assignet,
1438 1655 1497 1714 nisi

234 1763 321 1844 regie
346 1761 515 1838 maiestati,
533 1774 587 1822 aut
611 1761 662 1821 cui
688 1760 836 1821 Maiestas
859 1779 915 1820 sua
941 1759 973 1819 id
997 1759 1177 1841 specialiter
1201 1760 1397 1820 commiserit
1420 1759 1499 1821 dan-

235 1868 312 1929 dum
344 1880 376 1928 et
405 1866 644 1947 assignandum.
667 1865 740 1926 Alia
772 1878 879 1926 autem
911 1865 1024 1945 omnia
1052 1877 1082 1924 et
1106 1865 1232 1945 singula
1257 1866 1417 1925 commisit
1441 1885 1498 1947 per

235 1986 419 2035 executores
443 1990 517 2032 suos
541 1972 626 2032 iuxta
651 1971 865 2031 consciencias
890 1989 1001 2031 eorum
1023 1989 1081 2051 pro
1105 1969 1207 2031 salute
1232 1970 1338 2031 anime
1362 1990 1417 2031 sue
1435 1970 1498 2030 dis·

234 2079 397 2162 pensanda
428 2078 468 2141 ad
508 2077 622 2137 missas
654 2089 684 2137 et
707 2077 873 2137 oraciones
897 2076 1064 2157 Zagrabie,
1088 2075 1227 2137 Chasme
1252 2088 1283 2136 et
1307 2074 1495 2156 Golgoncze

234 2184 452 2247 celebrandas.
467 2184 660 2244 Executores
682 2195 788 2242 autem
814 2182 909 2243 huius
932 2182 1110 2243 testamenti
1130 2183 1178 2243 sui
1196 2181 1270 2243 lecit
1288 2195 1318 2243 et
1335 2183 1499 2245 constituit

235 2291 388 2352 discretos
419 2289 569 2349 dominos
601 2287 781 2348 iohannem
806 2287 844 2348 de
877 2287 993 2366 Crisio,
1019 2286 1212 2368 Gregorium
1244 2287 1284 2348 de
1316 2286 1499 2369 Gragenna,

235 2396 419 2457 Emericum
447 2393 487 2454 de
512 2392 655 2471 Palotha,
681 2392 858 2476 Georgium
887 2405 993 2454 sancte
1019 2393 1119 2454 Elene
1143 2394 1176 2454 in
1201 2394 1346 2455 Koruslca
1372 2394 1498 2455 ecclesi·

234 2520 325 2562 arum
357 2499 529 2581 plebanos·
546 2498 745 2580 supradictos
777 2512 808 2559 et
838 2499 983 2560 nobilem
1008 2498 1254 2580 Cristophorum
1288 2499 1498 2560 castellanum

234 2626 328 2667 suum
363 2603 553 2686 predictum.
587 2603 690 2685 Super
724 2605 842 2685 quibus
876 2605 1028 2665 omnibus
1063 2605 1224 2684 premissis
1261 2623 1320 2685 ego
1356 2605 1499 2666 notarius

234 2712 382 2794 publicus
414 2709 631 2791 infrascriptus
655 2709 700 2771 lui
725 2709 832 2771 debita
864 2729 937 2770 cum
960 2709 1114 2770 instancia
1142 2710 1324 2791 requisitus,
1348 2724 1383 2770 ut
1405 2722 1499 2771 testa·

235 2832 345 2879 mento
368 2815 552 2877 huiusmodi
578 2816 757 2897 conscripto
781 2830 812 2877 et
842 2816 876 2876 in
905 2815 986 2876 hanc
1018 2814 1154 2876 formam
1183 2815 1346 2897 publicam
1371 2816 1499 2877 redacto

236 2922 350 2984 exinde
385 2940 485 2982 unum
517 2922 567 2982 vel
597 2922 700 3003 plura,
723 2921 890 3003 publicum
923 2940 978 2981 seu
1008 2920 1148 3002 publica,
1173 2921 1418 2982 instrumentum
1444 2932 1500 2983 aut

235 3029 454 3105 instrumenta,
472 3026 661 3088 conficerem
682 3040 713 3088 et
736 3027 856 3106 darem,
880 3026 968 3108 quod
993 3039 1024 3087 et
1044 3024 1104 3086 feci
1127 3025 1234 3087 officio
1251 3026 1500 3087 thabellionatus

235 3135 298 3195 mei
323 3133 503 3214 requirente
528 3147 558 3194 et
583 3134 746 3195 communi
768 3133 890 3214 justicia
914 3131 1076 3193 svadente.
1094 3135 1173 3193 Acta
1194 3145 1267 3192 sunt
1283 3131 1341 3192 hec
1358 3146 1390 3193 et
1408 3131 1499 3209 lacta,

235 3260 331 3319 anno,
356 3222 546 3317 indiccione,
571 3240 634 3318 die,
658 3259 777 3317 mense,
802 3239 891 3317 hora,
908 3238 981 3299 loco
997 3251 1029 3298 et
1045 3236 1242 3319 pontificatu,
1261 3238 1378 3316 quibus
1394 3256 1498 3319 supra.

235 3345 439 3407 Presentibus
470 3345 589 3406 ibidem
622 3345 763 3405 discretis
795 3344 935 3405 dominis
966 3343 1112 3404 lohanne
1144 3342 1282 3403 altarista
1318 3343 1357 3403 de
1383 3343 1498 3420 Crisi0,

237 3451 399 3532 Stephano
424 3450 600 3531 presbitero
625 3450 663 3510 de
688 3450 812 3527 eadem,
836 3450 997 3530 graciano,
1021 3448 1122 3509 Paulo
1155 3447 1322 3529 capellano
1354 3448 1499 3508 similiter

237 3556 276 3617 de
293 3556 405 3617 eadem
423 3567 454 3615 et
470 3555 644 3615 Benedicto
658 3554 697 3614 de
710 3554 904 3615 Warasdino
918 3554 1099 3634 presbiteris
1112 3553 1328 3633 zagrabiensis
1344 3553 1499 3634 dyocesis;

237 3662 313 3723 item
338 3661 501 3722 nobilibus
523 3661 670 3721 Dionisio
696 3660 734 3720 de
760 3661 977 3741 Dyankowcz‚
995 3658 1157 3740 Stephano
1183 3659 1222 3720 de
1243 3658 1499 3739 Pongracbewcz

238 3781 268 3829 et
279 3766 428 3828 Ladislao
441 3765 480 3826 de
494 3764 753 3847 'lboplychycza,
764 3763 962 3846 Sarapusycb
980 3764 1076 3840 dict0,
1090 3764 1224 3843 aliisque
1242 3784 1339 3844 quam
1356 3764 1500 3845 pluribus

236 3873 369 3934 testibus
400 3885 430 3932 et
463 3870 632 3951 fidedignis
663 3871 808 3951 personis
838 3869 878 3931 ad
910 3869 1062 3950 premissa
1094 3870 1224 3946 vocatis,
1254 3870 1371 3951 rogatis
1404 3883 1433 3930 et
1467 3870 1497 3929 in

236 3977 456 4040 testimonium
481 3976 651 4056 requisitis.

291 4107 398 4172 Signum

287 4197 389 4248 notarii.

343 4312 412 4392 Ego
427 4309 607 4391 Stephanus
617 4309 763 4391 Gregorii
778 4311 817 4372 de
831 4310 1114 4393 Bachyn,clericus
1127 4308 1341 4390 zagrabiensis
1354 4308 1499 4390 dyocesis

238 4436 323 4477 sacra
341 4415 497 4497 imperiali
515 4416 700 4477 auctoritate
719 4417 860 4477 notarius
877 4416 1034 4498 publicus,
1049 4416 1123 4495 quia
1140 4413 1271 4496 prelatis
1287 4413 1497 4474 testamentali

239 4521 379 4599 lassioni‚
404 4520 598 4598 condicioni,
622 4540 726 4582 rerum
752 4535 782 4582 et
806 4523 964 4582 bonorum
990 4521 1218 4602 premissorum
1243 4519 1430 4599 legacioni.
1457 4565 1464 4578 .
1491 4564 1496 4577 .

238 4638 269 4686 et
292 4626 425 4708 singulis
455 4626 616 4708 premissis
643 4626 720 4688 dum
751 4628 806 4705 sic,
831 4640 865 4687 ut
896 4627 1100 4708 premittitur,
1124 4623 1236 4686 fierent
1269 4637 1299 4685 et
1330 4638 1498 4703 agerentur

238 4731 388 4814 (unacum
411 4733 587 4813 prenotatis
608 4733 741 4794 testibus
764 4752 893 4815 presens
916 4731 1044 4793 interfui
1070 4750 1171 4810 eaque
1188 4730 1297 4791 omnia
1315 4729 1356 4811 et)
1373 4729 1498 4809 singula

237 4837 282 4898 sic
309 4835 377 4899 fieri
412 4836 478 4898 vidi
510 4852 541 4899 et
570 4838 678 4899 audivi
714 4838 788 4899 ideo
820 4857 949 4919 presens
983 4849 1208 4898 testamentum
1244 4855 1300 4896 seu
1331 4834 1497 4916 publicum
