3472 5242
695 356 770 416 Doc.
787 370 834 416 22.
860 388 909 400 -
931 356 988 415 An.
1019 367 1107 431 1505.

266 584 477 668 precipientes
499 582 700 662 mandamus,
724 595 882 663 quatenus
904 581 1021 644 habitis
1043 583 1244 664 presentibus
1266 584 1467 647 Anthonium
1492 585 1531 647 de

269 690 396 754 Bradna
427 703 457 751 et
491 688 696 771 Gregorium‚
729 688 876 750 omnium
907 701 1101 767 sanctorum,
1125 689 1333 751 ecclesiarum
1366 691 1532 773 plebanos,

268 796 479 882 personaliter
503 795 670 874 accedatis,
692 794 843 877 ipsosque
869 794 908 855 ad
925 795 1115 857 instanciam
1132 795 1339 857 dominorum
1354 798 1532 879 prebenda·

269 904 390 966 riorum
432 902 520 963 chori
559 900 705 963 eiusdem
744 900 876 962 ecclesie
911 895 1148 981 zagrabiensis,
1172 901 1299 965 racione
1336 903 1533 966 detencionis

270 1022 430 1073 certorum
450 1008 633 1071 debitorum
656 1006 925 1069 testamentalium
948 1027 1004 1088 per
1020 1008 1158 1069 condam
1175 1009 1347 1071 discretum
1364 1009 1534 1072 dominum

271 1114 465 1197 Gregorium
487 1114 662 1197 plebanum
680 1113 719 1174 de
737 1111 885 1194 Gragena
902 1114 1093 1194 legatorum,
1109 1127 1140 1175 et
1156 1134 1212 1196 per
1228 1115 1359 1177 eosdem
1375 1115 1534 1197 plebanos

270 1236 424 1303 tanquam
462 1233 647 1283 executores
685 1238 760 1281 suos
800 1219 882 1300 exigi
919 1232 950 1281 et
990 1219 1111 1281 eisdem
1144 1220 1283 1282 dominis
1314 1222 1534 1304 prebendariis

271 1327 424 1410 assignari
449 1327 693 1389 commissorum
716 1338 747 1387 et
771 1344 836 1387 non
859 1325 1104 1407 assignatorum,
1118 1326 1159 1388 ad
1183 1347 1306 1389 nonum
1330 1327 1416 1389 diem
1440 1348 1458 1390 a
1482 1328 1534 1391 die

271 1433 473 1497 execucionis
489 1431 689 1515 presencium
707 1430 891 1493 immediate
915 1431 1144 1514 computando,
1161 1447 1303 1495 nostram
1319 1434 1534 1516 peremptorie

272 1540 375 1603 citetis
398 1540 431 1601 in
462 1538 670 1622 presenciam,
696 1538 818 1599 eisdem
849 1537 989 1600 dominis
1011 1537 1233 1620 prebendariis
1256 1540 1288 1601 in
1313 1539 1381 1621 jure
1403 1560 1535 1623 respon-

272 1666 373 1726 suros,
398 1659 429 1708 et
458 1643 630 1728 superinde
660 1643 737 1726 juris
771 1644 945 1730 equitatem
976 1658 1169 1727 recepturos.
1203 1646 1295 1719 Quos
1323 1666 1440 1709 novem
1465 1646 1534 1708 dies

274 1754 350 1837 ipsis
373 1773 431 1835 pro
455 1753 571 1835 primo,
595 1750 748 1830 secund0,
763 1750 874 1830 tercio,
889 1751 1148 1832 peremtorioque
1166 1765 1196 1813 et
1212 1753 1337 1831 ultimo,
1351 1753 1535 1815 monicione

274 1859 427 1923 canonica
456 1858 621 1941 premissa,
644 1857 841 1939 assignantes
872 1855 1043 1939 prefigatis.
1073 1858 1112 1919 Et
1143 1871 1217 1940 post
1246 1858 1305 1920 hec
1336 1858 1537 1920 execucionis

274 1981 376 2029 vestre
407 1967 522 2028 seriem
552 1963 746 2025 intermino
778 1963 938 2044 assignato
962 1963 1056 2024 nobis
1087 1964 1323 2026 conscienciose
1347 1965 1537 2045 rescribatis,

274 2085 436 2156 presentes
460 2072 492 2132 in
517 2070 622 2152 specie
646 2068 849 2130 remittendo,
866 2069 985 2130 Datum
1009 2069 1163 2150 Zagrabie
1185 2070 1218 2130 in
1242 2082 1354 2132 octava
1377 2083 1483 2133 sancte
1507 2084 1538 2133 et

276 2176 442 2240 individue
467 2176 643 2238 Trinitatis.
681 2179 777 2236 Anno
801 2173 925 2236 domini
949 2174 1122 2236 millesimo
1145 2175 1404 2256 quingentesimo
1427 2176 1537 2237 tercio.

380 2301 413 2366 (Α
440 2298 536 2364 tergo),
562 2281 713 2342 Discretis
737 2280 877 2342 dominis
901 2282 940 2342 N.
962 2280 1001 2341 de
1026 2280 1417 2364 Cherzweczzenthpeter,
1441 2283 1480 2343 N.
1498 2281 1538 2342 de

277 2389 394 2469 Crisi0,
417 2389 457 2450 N.
482 2388 521 2449 de
546 2387 695 2468 Gragena
719 2400 750 2447 et
781 2387 821 2447 N.
846 2386 885 2447 de
909 2386 1119 2468 Powsahegh,
1151 2387 1357 2450 ecclesiarum
1381 2387 1538 2470 plebanis,

277 2496 371 2558 nobis
393 2495 426 2557 in
451 2493 579 2555 Christo
603 2495 723 2555 sincere
747 2492 881 2554 dilectis.
914 2492 1038 2554 Citacio
1061 2494 1287 2576 peremptoria.

383 2616 587 2683 (Testimonium
598 2614 762 2669 executionis
778 2616 907 2681 atergo):
933 2599 1117 2661 Secundum
1145 2600 1333 2662 mandatum
1357 2599 1442 2661 citati
1466 2613 1539 2659 sunt

280 2708 312 2770 in
337 2704 418 2769 lesto
442 2707 542 2768 sancti
573 2706 727 2768 lobannis
750 2705 885 2787 baptiste
917 2704 958 2766 ad
981 2703 1093 2767 leriam
1120 2706 1292 2767 secundam
1327 2719 1400 2789 post
1424 2704 1539 2765 festum

279 2812 474 2876 visitacionis
498 2813 597 2874 Marie
622 2832 679 2896 per
702 2832 761 2874 nos
784 2811 940 2894 plebanos
962 2812 1164 2894 presentibus
1187 2812 1414 2893 intrascriptos.

386 2970 523 3036 originale
548 2971 573 3021 in
597 2972 695 3023 abacta.
723 2971 744 3020 Α
762 2974 841 3036 tergo
861 2970 1003 3035 vestigium
1022 2970 1146 3034 impressi
1166 2969 1257 3034 sigilli.
1284 2968 1311 3019 ln
1331 2967 1427 3019 archiv.
1447 2968 1540 3019 bonor.

280 3061 376 3126 colleg.
395 3059 570 3111 Praebendar.

883 3252 942 3317 22.

386 3414 460 3465 Anno
482 3413 556 3477 1503,
575 3413 617 3464 20.
638 3409 750 3476 augusti.
771 3409 926 3475 Zagrabiae.

276 3540 432 3618 lohannes
462 3538 570 3613 Souan,
595 3539 794 3610 tricesthzator,
817 3539 951 3595 telonaicm
981 3534 1104 3611 capituli
1131 3537 1260 3595 conducit
1281 3540 1489 3613 polliccmrque
1515 3558 1544 3596 se

568 3644 600 3704 in
623 3645 725 3702 telonio
747 3644 886 3717 exigendo
908 3661 984 3700 nova
1006 3663 1063 3700 non
1086 3645 1255 3703 allaturum.

394 3786 463 3866 Ego
492 3785 654 3847 lohannes
689 3784 806 3846 Sowan
842 3784 952 3845 Pastor
983 3783 1022 3845 de
1059 3783 1237 3863 Florencia,
1271 3784 1481 3845 tricesimator
1514 3797 1544 3844 et

284 3891 478 3954 inhabitator
502 3891 636 3952 civitatis
652 3890 943 3970 Montisgrecensis,
961 3888 1062 3951 fateor
1084 3909 1141 3971 per
1163 3888 1222 3950 hec
1246 3909 1360 3950 manus
1383 3908 1454 3950 mee
1471 3891 1544 3950 sub·

284 3997 461 4080 scripcione
484 4011 515 4060 et
538 3995 600 4057 fide
625 3996 784 4057 mediante
810 4015 881 4056 mea
906 3993 1075 4057 christiana
1101 3995 1268 4077 polliceor,
1291 3996 1378 4076 quod
1404 3996 1436 4056 in
1461 3993 1545 4056 lacto

285 4105 394 4166 tributi
436 4123 491 4165 seu
525 4102 659 4165 thelonii
700 4101 915 4182 zagrabiensis
951 4100 1030 4163 mihi
1069 4121 1125 4183 per
1159 4102 1357 4163 venerabiles
1396 4101 1545 4162 dominos

286 4209 462 4292 capitulum
486 4209 691 4290 zagrabiense
714 4228 773 4289 pro
798 4207 865 4269 CC.
883 4207 951 4269 flor.
968 4227 1027 4290 pro
1051 4207 1167 4290 paratis
1183 4208 1327 4289 pecuniis
1344 4208 1376 4268 in
1393 4207 1546 4268 urendam

286 4315 369 4378 infra
403 4315 499 4378 unius
529 4315 604 4376 anni
637 4314 877 4375 revolucionem
909 4312 973 4374 dati
1007 4327 1037 4374 et
1067 4313 1174 4392 locati,
1198 4312 1303 4375 nullas
1333 4313 1490 4375 novitates
1516 4326 1546 4372 et

286 4421 534 4483 adinvenciones
557 4421 757 4482 inconsvetas
780 4419 931 4502 incipiam
955 4439 1013 4480 nec
1037 4420 1189 4480 innovare
1214 4418 1328 4480 faciam
1353 4439 1409 4480 seu
1432 4439 1546 4501 procu-

286 4528 375 4607 rabo,
392 4527 470 4608 quin
494 4526 606 4608 pocius
628 4525 699 4587 illas
722 4525 923 4587 inconsvetas
946 4526 1056 4587 tributi
1080 4525 1276 4606 exacciones,
1293 4545 1372 4607 quas
1395 4524 1459 4607 jam
1481 4523 1546 4585 lere

289 4653 307 4695 a
328 4633 431 4694 tribus
454 4631 545 4692 annis
569 4632 762 4693 innovarunt
794 4645 903 4693 contra
926 4631 1139 4713 preludicium
1163 4631 1262 4713 ipsius
1285 4630 1426 4713 capituli,
1448 4607 1547 4691 relhr·

289 4757 388 4817 mare,
397 4737 568 4800 emendare
586 4750 617 4799 et
633 4737 801 4819 integrare,
811 4757 1062 4820 recuperareque
1082 4736 1158 4799 volo
1174 4757 1210 4798 ac
1227 4736 1328 4798 eciam
1344 4737 1547 4799 exaccionem

288 4844 390 4933 ipsius
411 4843 522 4907 tributi
545 4863 602 4906 seu
626 4843 761 4906 thelonii
777 4843 864 4906 iuxta
880 4844 1146 4906 consvetudinem
1161 4856 1192 4905 et
1207 4842 1387 4905 laudabiles
1402 4843 1547 4906 eiusdem
