3472 5242
230 359 273 439 46
671 359 743 419 Dec.
759 371 809 437 45.
830 392 868 402 -
887 360 943 416 Aa.
964 370 1049 433 1505.

232 589 263 650 b.
286 587 393 668 Egidii
418 586 541 648 abbatis
564 604 622 667 pro
645 584 774 646 florenis
791 582 1023 665 quinquaginta
1041 604 1142 665 usque
1159 585 1400 646 revolucionem
1418 584 1493 645 anni

232 693 357 775 integri,
382 692 413 753 in
448 692 577 753 duobus
608 691 752 752 termulis
784 689 965 767 solvendis;
996 686 1055 771 pro
1086 710 1149 771 qua
1181 690 1276 751 missa
1300 702 1495 751 memoratus

232 798 383 860 dominus
413 797 707 875 reverendissimus,
738 795 889 857 dominus
919 797 1032 875 Lucas,
1065 797 1205 878 prelatus
1236 811 1343 858 noster
1372 795 1495 877 gracio-

231 904 384 982 sissimus,
395 903 484 965 dedit
500 903 640 965 decimas
659 903 825 983 utriusque
842 900 985 964 Gradecz
1002 921 1077 963 cum
1092 902 1296 983 pertinenciis
1313 915 1344 963 et
1360 902 1495 983 Petryne

231 1011 379 1072 similiter
415 1029 488 1071 cum
519 1009 733 1091 pertinenciis,
758 1022 888 1090 excepta
919 1021 1041 1089 quarta,
1074 1026 1138 1088 que
1169 1008 1302 1069 debetur
1332 1006 1495 1088 preposito

234 1116 350 1177 maiori
373 1114 469 1177 huius
500 1115 632 1176 ecclesie
664 1115 696 1175 in
728 1113 909 1196 prescriptis
940 1114 1036 1189 locis;
1070 1133 1167 1194 quam
1191 1114 1319 1174 missam
1345 1124 1497 1193 ceperunt

235 1221 422 1283 continuare
445 1219 647 1303 prebendarii
672 1219 723 1281 die
746 1220 931 1303 prescripto.

341 1342 476 1407 Originale
504 1343 531 1393 in
558 1342 656 1396 charta.
683 1341 711 1393 ln
741 1342 838 1394 archiv.
858 1356 916 1392 ven.
936 1341 1021 1405 Capit.
1041 1343 1146 1406 zagrab.
1174 1343 1230 1394 Act.
1257 1340 1341 1404 Capit.
1361 1343 1413 1391 ant.
1432 1337 1496 1390 lasc.

237 1431 294 1483 101.
314 1445 352 1481 nr.
374 1431 413 1483 10.

834 1641 896 1707 45.

339 1802 413 1852 Anno
436 1800 510 1864 1505,
530 1800 571 1852 20.
592 1799 719 1850 octobris.
740 1797 896 1863 Zagrabiae.

240 1929 344 1987 Coram
374 1929 547 2002 magistram
577 1926 704 1984 civitatis
734 1928 836 1983 montis
871 1925 1022 1984 Greccnse's
1046 1927 1180 2002 Joannes
1212 1925 1300 1983 Sinelc
1330 1932 1358 1983 el
1383 1924 1498 1982 Heleno

234 2014 372 2110 S'kripak
394 2040 600 2106 postmortem
623 2031 779 2088 Michaelis
802 2032 900 2088 Malcc
930 2031 1005 2090 duas
1031 2033 1197 2105 particulas
1220 2032 1348 2089 vineales
1370 2038 1499 2105 quotuor

550 2147 578 2196 ct
598 2139 715 2195 dimidio
732 2138 804 2212 flor.
827 2139 916 2195 Petro
938 2138 1026 2195 lutei
1047 2139 1180 2197 vendunt.

339 2280 405 2340 Nos
418 2277 584 2339 Emericus
594 2275 783 2358 Mykwlytb,
792 2274 877 2336 filius
888 2276 1053 2355 Demetrii,
1062 2276 1167 2357 judex,
1177 2277 1324 2356 lvlicbael,
1336 2278 1492 2356 Thomas,

234 2384 435 2462 Valentinus,
456 2382 578 2460 Petrus,
596 2379 744 2460 Michael,
760 2381 961 2460 Ambrosius,
979 2381 1160 2463 Stephanus
1177 2396 1208 2444 et
1222 2383 1302 2444 alter
1319 2383 1499 2465 Stephanus

234 2490 339 2574 jurati,
363 2488 536 2550 consiliarii
561 2501 592 2548 et
616 2487 756 2548 universi
781 2487 865 2548 cives
881 2487 1017 2549 civitatis
1034 2488 1325 2570 Montisgrecensis.
1343 2489 1498 2550 Memorie

235 2594 499 2657 commendamus
530 2607 639 2653 tenore
674 2591 875 2672 presencium
898 2591 1112 2672 significantes
1136 2593 1254 2674 quibus
1277 2593 1405 2675 expedit
1428 2593 1499 2655 uni·

235 2700 344 2778 versis,
369 2699 457 2780 quod
482 2698 530 2758 vir
552 2698 706 2780 providus
731 2698 817 2758 lwan
837 2710 926 2758 sutor
948 2699 1057 2780 Zynelx
1082 2698 1185 2759 dictus
1209 2711 1239 2759 et
1260 2699 1377 2760 mulier
1397 2699 1498 2761 Elena

235 2817 357 2883 vocata,
390 2803 498 2865 relicta
530 2801 667 2864 condam
700 2802 819 2863 Mathei
853 2802 987 2884 Skrylak
1011 2803 1240 2884 cognominati,
1272 2803 1316 2864 de
1344 2803 1499 2865 suburbio

237 2930 294 2972 seu
317 2910 389 2971 vico
412 2922 569 2987 sutorum,
594 2909 741 2969 concives
765 2908 875 2987 nostri,
900 2921 1084 2970 executores
1112 2927 1188 2969 vero
1209 2928 1265 2969 seu
1289 2908 1499 2970 commissarii

236 3015 416 3078 testamenti
442 3014 579 3075 verbalis
607 3013 744 3076 condam
769 3013 934 3075 Michaelis
958 3014 1097 3092 litterati,
1121 3013 1179 3075 filii
1204 3015 1336 3093 Malecz,
1353 3014 1500 3076 similiter

237 3122 277 3182 de
301 3121 373 3181 vico
397 3132 542 3180 sutorum
565 3118 605 3179 ad
629 3131 770 3180 nostram
794 3120 1004 3201 personaliter
1028 3120 1191 3181 venientes
1211 3120 1406 3202 presenciam
1425 3140 1500 3181 con·

237 3225 311 3287 fessi
335 3239 408 3286 sunt
432 3225 464 3286 in
488 3224 573 3285 hunc
599 3225 751 3287 modum:
776 3239 811 3286 ut
827 3225 886 3306 ipsi
904 3225 1060 3306 quasdam
1077 3226 1156 3287 duas
1171 3226 1343 3308 particulas
1360 3225 1501 3287 vineales

237 3330 386 3408 desertas,
418 3331 480 3391 iam
515 3329 547 3390 in
583 3350 680 3391 unam
713 3330 839 3391 vineam
873 3330 1025 3410 redactas,
1049 3352 1080 3392 rn
1112 3332 1272 3393 territorio
1304 3346 1413 3393 nostro
1444 3352 1501 3394 seu

237 3436 373 3497 civitatis
403 3433 524 3516 prefate
561 3437 600 3496 ab
633 3436 755 3497 oriente
787 3436 869 3497 inter
900 3436 984 3496 viam
1014 3455 1219 3498 communem
1253 3458 1270 3497 a
1303 3450 1390 3518 parte
1425 3456 1500 3498 vero

238 3540 441 3602 meridionali
475 3553 563 3601 ortus
601 3554 632 3602 et
664 3541 757 3602 vinea
788 3538 908 3622 pretate
940 3540 1039 3602 Elene
1063 3542 1217 3620 mulieris,
1242 3544 1281 3603 ab
1310 3543 1499 3604 occidentali

239 3658 270 3706 et
296 3645 549 3726 septemtrionali
582 3664 618 3705 ex
652 3659 786 3726 utraque
820 3658 907 3727 parte
940 3647 1032 3708 vinee
1064 3647 1146 3708 Petri
1184 3648 1390 3730 Banlcowych
1425 3648 1501 3710 dicti

239 3750 278 3811 de
310 3751 470 3831 Pobresya
504 3749 627 3812 habitas
661 3763 692 3811 et
731 3751 909 3829 existentes,
930 3771 1034 3833 ipsum
1072 3752 1192 3813 scilicet
1215 3754 1352 3814 condam
1378 3755 1499 3815 Malecz

239 3867 380 3915 sutorem
403 3854 518 3936 partim
543 3875 559 3915 a
584 3855 721 3916 condam
746 3857 974 3936 cognominato
992 3857 1110 3934 Kokot,
1129 3859 1306 3939 emptionis
1321 3860 1416 3921 titulo
1434 3859 1501 3920 lite-

239 3959 354 4020 ratorie
378 3974 634 4039 concernentem,
656 3961 826 4042 ipsumque
851 3960 988 4022 condam
1013 3962 1204 4024 Michaelem
1229 3965 1412 4042 litteratum,
1430 3977 1502 4046 post

239 4077 378 4125 mortem
411 4063 523 4145 prefati
557 4065 689 4144 Malecz,
715 4067 813 4147 patris
845 4066 905 4143 sui,
930 4065 997 4143 jure
1028 4070 1223 4129 successorio
1256 4083 1286 4130 et
1310 4070 1502 4132 hereditario

241 4183 497 4249 concernentem,
521 4171 617 4231 simul
649 4190 722 4232 cum
754 4173 905 4232 omnibus
936 4172 1079 4233 eiusdem
1110 4175 1216 4234 totalis
1247 4176 1339 4236 vinee
1370 4175 1445 4255 jam,
1470 4189 1504 4238 ut

241 4275 442 4356 premittitur,
458 4277 490 4337 in
508 4297 607 4338 unum
625 4277 750 4339 redacte
768 4277 968 4357 utilitatibus,
985 4279 1118 4359 juribus,
1136 4281 1256 4358 usibus,
1269 4281 1503 4361 integritatibus

243 4394 274 4442 et
297 4381 501 4462 pertinenciis
533 4383 699 4462 universis,
717 4383 785 4444 viro
809 4383 954 4446 similiter
975 4385 1111 4466 provido
1135 4386 1228 4446 Petro
1254 4387 1382 4468 llychky
1407 4387 1503 4465 dicto,

241 4505 277 4546 ac
308 4505 364 4567 per
394 4506 468 4548 eum
500 4489 565 4549 suis
596 4487 768 4550 heredibus
803 4508 861 4570 pro
892 4503 1030 4570 quatuor
1063 4510 1135 4550 cum
1164 4491 1271 4552 medio
1296 4492 1424 4553 florenis
1448 4513 1504 4574 per

241 4590 379 4653 eundem
403 4592 531 4653 Petrum
556 4593 698 4676 llycblry,
721 4606 816 4675 prout
839 4595 898 4675 ipsi
923 4608 1108 4657 executores
1124 4596 1217 4656 nobis
1233 4597 1421 4677 retulerunt,
1438 4598 1501 4680 jam

242 4695 335 4777 plene
361 4696 441 4758 datis
464 4711 494 4758 et
518 4698 698 4780 persolutis,
716 4718 773 4780 per
791 4699 920 4762 eosdem
939 4712 1123 4761 executores
1139 4700 1223 4781 juxta
1241 4703 1502 4765 commissionem

242 4798 354 4882 prelati
385 4803 543 4864 testatoris
573 4822 633 4884 pro
664 4805 771 4886 anima
803 4823 859 4865 sua
888 4817 919 4865 et
941 4805 982 4866 ad
1006 4804 1068 4866 alia
1091 4806 1143 4886 pia
1167 4825 1264 4887 opera
1288 4806 1438 4870 videlicet
1460 4809 1502 4871 ad
