3472 5242
246 333 285 394 92
687 319 760 378 Doc.
786 315 835 392 85.
865 352 900 361 -
924 319 980 379 An.
997 332 1085 393 1510.

247 421 303 427 “-
325 422 374 428 —·-
384 423 663 429 --——-——..——-
677 425 880 431 --.-.-..-.-
897 425 1300 434 ψ---η-ᾷῄ-
1314 428 1418 434 ..——..
1435 430 1472 435 ——.

245 543 344 604 nostri
367 545 463 626 patris
487 546 658 625 Francisci,
674 546 824 609 videlicet
848 548 880 608 in
904 548 978 609 navi
1003 547 1135 609 ecclesie
1160 547 1305 610 eiusdem
1321 550 1380 610 sub
1397 549 1509 612 sedille

245 650 417 711 sacerdotis
433 664 505 712 ante
523 671 609 713 aram
624 654 715 714 beate
731 652 873 734 virginis,
886 653 961 715 hInc
978 667 1024 716 est
1040 654 1137 732 enim,
1153 653 1241 735 quod
1258 654 1378 717 eisdem
1395 655 1509 718 confir-

244 774 369 817 mamus
385 777 441 818 seu
458 759 657 837 roboramus,
678 759 928 839 roborantesque
945 759 1193 840 constringimus
1214 779 1249 820 ac
1273 760 1381 842 sigillo
1398 775 1508 823 nostro

245 880 310 941 quo
334 863 454 923 utimur
484 863 672 944 sigillamus,
696 862 817 924 eisdem
841 864 972 926 nomine
997 884 1109 926 eorum
1133 880 1288 946 perpetuo
1313 866 1508 948 duraturam,

245 967 394 1030 videlicet
417 969 554 1050 provido
578 971 646 1030 vIro
664 983 695 1030 et
713 970 774 1031 civi
791 971 1016 1051 probatissimo
1033 972 1151 1032 montis
1169 970 1338 1034 Grecensis
1355 973 1515 1055 Georgio,

243 1073 308 1134 allo
342 1073 472 1134 nomine
502 1075 627 1136 Primus
657 1088 782 1154 vocato,
807 1075 1016 1157 eiusdemque
1048 1097 1171 1155 socrue,
1196 1076 1327 1139 domiue
1352 1077 1453 1139 Elene
1477 1093 1508 1142 et

243 1177 308 1240 filie
344 1179 412 1241 eins
448 1178 562 1241 eodem
599 1181 730 1242 nomine
764 1181 924 1263 appellate
959 1202 995 1244 ac
1020 1183 1129 1245 liberis
1153 1202 1266 1244 eorum
1289 1184 1507 1265 concedimus,

243 1303 456 1366 concessaque
492 1286 705 1367 permittimus
737 1307 793 1368 per
824 1307 883 1348 nos
914 1308 1035 1369 seuque
1068 1287 1177 1350 fratres
1201 1302 1326 1350 nostros
1349 1304 1506 1371 perpetuo

241 1389 411 1452 duraturos
435 1405 465 1453 et
495 1392 566 1453 hoc.
592 1398 686 1454 Anno
720 1394 842 1455 domini
876 1393 1049 1456 millesImo
1084 1395 1342 1475 quingentesImo
1367 1395 1504 1458 decimo.

348 1530 485 1595 Originale
505 1532 530 1582 in
550 1533 648 1586 charta.
669 1531 789 1597 Sigillum
809 1535 936 1586 avulsum.
961 1534 989 1584 In
1008 1535 1105 1586 archiv.
1124 1534 1184 1587 incl.
1202 1536 1296 1586 Accad.
1317 1533 1414 1587 Sciant.
1434 1534 1505 1586 Slav.

241 1619 332 1673 merid.

344 1957 418 2008 Anno
441 1958 514 2010 1510.
534 1955 691 2021 Zagrabiae.

241 2102 464 2160 Enumerantur
491 2121 548 2178 res,
577 2121 652 2176 quac
689 2103 798 2162 Ursula
830 2110 920 2162 morte
954 2104 1080 2160 Therme
1111 2105 1237 2161 sartoris
1270 2102 1393 2162 uriluata
1426 2105 1508 2178 apud

430 2209 611 2266 Benedr'ctum
636 2207 748 2267 Slater
766 2210 864 2282 ciuem,
894 2209 1055 2267 Tartarum
1077 2216 1161 2278 metu,
1183 2211 1314 2282 reposuit.

345 2348 409 2409 Res
439 2360 470 2409 et
502 2349 587 2409 bona
620 2347 758 2428 reposita
789 2345 874 2428 apud
906 2347 1077 2429 providum
1101 2347 1309 2409 RenedIctum
1335 2349 1504 2433 Slatchych

239 2452 371 2532 dictum,
407 2454 509 2515 civem
548 2453 683 2514 civitatis
721 2453 839 2514 montis
876 2453 1055 2532 Grecensis,
1081 2453 1212 2515 honeste
1249 2454 1361 2516 VrsuIe
1395 2455 1503 2516 relicte

239 2560 374 2621 condam
409 2560 537 2621 Thome
569 2560 698 2621 sartoris
728 2559 767 2620 de
799 2560 1000 2641 Prepositura
1033 2560 1063 2621 b.
1087 2560 1220 2640 virginis
1243 2573 1274 2621 et
1296 2559 1420 2641 prefato
1444 2561 1504 2622 Be-

239 2665 366 2726 nedicto
391 2666 430 2727 ad
455 2685 569 2726 manus
592 2665 761 2745 assignata,
785 2678 897 2747 utputa
921 2680 1065 2748 tempore
1090 2679 1193 2728 metus
1217 2666 1423 2727 Turchorum
1443 2665 1504 2728 hiis

237 2771 401 2832 transactis
424 2772 633 2852 temporibus.
658 2771 735 2832 Item
760 2790 860 2831 unum
884 2771 1017 2853 peplum
1041 2770 1111 2832 flor.
1137 2770 1199 2832 IIII.
1223 2771 1329 2832 Unam
1354 2771 1504 2853 tapedem

237 2897 310 2939 cum
340 2897 468 2959 gemma
500 2877 641 2958 preciosa
673 2877 789 2937 valoris
820 2875 851 2937 fl.
877 2877 945 2937 XX.
979 2877 1066 2948 Item,
1092 2876 1272 2957 legibulum
1303 2896 1404 2938 unum
1433 2877 1464 2938 fl.
1490 2877 1501 2938 I

238 2983 276 3044 de
308 2982 536 3045 chachedonia.
572 2983 660 3060 Item,
686 3002 742 3064 par
774 2983 965 3043 catellorum
997 2981 1229 3044 clrcumdatum
1262 3001 1335 3043 cum
1367 2996 1500 3063 argento

238 3104 268 3152 et
299 3091 369 3152 aliis
401 3090 495 3151 rebus
533 3089 684 3171 preciosis
715 3087 746 3150 fl.
780 3088 860 3150 XIII.
894 3089 982 3167 Item,
1016 3088 1081 3150 duo
1113 3088 1265 3168 legibula,
1298 3088 1360 3149 due
1393 3088 1502 3170 lingue

236 3197 390 3278 serpentis
433 3211 464 3257 et
499 3214 640 3275 unguem
679 3195 765 3275 wlgo
805 3195 934 3276 Rysow,
966 3195 1041 3256 satis
1078 3195 1188 3276 pulcre
1220 3193 1373 3273 deaurati,
1406 3194 1437 3255 fl.
1467 3195 1491 3255 II

238 3304 379 3365 CrInalia
411 3303 476 3364 duo
512 3302 586 3363 satis
616 3301 753 3382 gemmis
783 3301 936 3382 preciosis
957 3300 1111 3361 decorata
1141 3312 1172 3360 et
1205 3300 1354 3360 deaurata
1380 3298 1411 3361 fl.
1437 3299 1502 3362 VII.

237 3410 326 3488 Item,
350 3423 472 3490 septem
504 3428 578 3491 acus
610 3407 751 3488 argentei
784 3421 815 3467 et
851 3407 986 3487 desuper
1014 3405 1154 3467 deaurati
1180 3405 1211 3466 fl.
1237 3404 1287 3466 III.
1321 3405 1409 3483 Item,
1434 3404 1500 3466 duo

236 3516 330 3597 pepla
364 3515 543 3592 muliebria,
567 3513 598 3574 fl.
624 3513 659 3575 II.
692 3513 780 3591 Item,
805 3512 944 3573 sedecIm
976 3512 1075 3590 anuli,
1109 3511 1174 3572 duo
1198 3509 1335 3591 majores
1359 3510 1399 3572 de
1424 3530 1502 3572 auro

237 3640 318 3702 puro
344 3620 482 3701 demptis
505 3619 667 3701 lapidibus
691 3618 853 3699 preciosis,
878 3617 994 3698 reliqui
1020 3637 1095 3678 vero
1120 3616 1220 3677 anulli
1246 3615 1285 3677 de
1309 3629 1441 3697 argento
1469 3629 1500 3678 et

237 3726 344 3787 destas
368 3725 520 3803 deaurati,
542 3726 616 3785 satis
640 3724 718 3785 boni
742 3735 772 3784 et
796 3724 921 3805 optimi,
939 3742 1076 3804 quorum
1102 3722 1243 3782 valorem
1266 3722 1412 3783 estimare
1433 3742 1498 3783 non

236 3851 365 3912 possum
391 3831 421 3892 fl.
445 3831 525 3892 XIII.
551 3830 639 3907 Item,
665 3829 726 3889 due
752 3829 880 3889 camisie
905 3829 943 3889 de
968 3828 1112 3910 syndone
1136 3827 1165 3888 fl.
1185 3828 1209 3887 II
1236 3847 1308 3888 curn
1326 3827 1501 3888 monilibus

236 3937 405 3997 deauratis.
438 3937 526 4013 Item,
551 3949 671 4016 septem
704 3935 837 3996 monilia
870 3934 1040 3996 muliebria
1069 3948 1100 3995 et
1132 3933 1194 3994 due
1219 3933 1305 4013 wlgo
1329 3933 1497 4014 sperecche

235 4043 318 4103 dicte
343 4043 373 4103 fl.
399 4043 420 4103 I.
446 4042 533 4119 Item,
559 4040 723 4122 quoddam
748 4041 983 4101 reservaculum
1008 4040 1047 4100 ad
1065 4038 1218 4100 frameam
1235 4039 1397 4120 pertinens
1414 4039 1500 4119 wlgo

235 4148 344 4210 thaslra
370 4149 408 4208 de
433 4167 575 4229 purpuro
600 4148 752 4208 deaurato
777 4146 808 4207 fl.
827 4146 862 4207 II.
885 4146 973 4223 Item,
1001 4145 1187 4226 quindecIm
1204 4144 1291 4225 paria
1309 4144 1500 4205 catellorum

235 4268 265 4316 et
289 4254 351 4315 due
376 4257 468 4315 burse
493 4250 608 4335 fl.1¹l,.
634 4254 721 4331 Item,
747 4252 882 4333 reliquie
907 4271 1023 4332 magne
1048 4271 1120 4312 curn
1145 4250 1286 4312 chatenis
1308 4250 1347 4312 de
1368 4264 1500 4331 argento

235 4360 325 4422 factis
358 4381 431 4421 cum
458 4360 596 4441 imagine
622 4359 772 4435 crucifixi,
797 4359 914 4420 valoris
938 4358 969 4420 fl.
994 4357 1108 4419 XXIX.
1140 4358 1229 4434 Item,
1258 4356 1320 4417 due
1345 4356 1500 4437 particule

235 4467 438 4528 camisiarum
469 4466 675 4527 muliebrium
709 4465 747 4526 de
780 4464 924 4547 syndone
956 4465 1042 4544 wlgo
1071 4462 1241 4546 oppletcba
1266 4482 1339 4523 cum
1363 4462 1501 4543 gemmis

234 4573 385 4656 preciosis
418 4572 547 4648 ornatis,
573 4571 603 4632 fl.
628 4571 649 4632 I.
688 4571 777 4649 Item,
802 4570 864 4631 due
897 4570 1004 4633 Iadule
1029 4582 1130 4631 serate
1154 4589 1228 4630 cum
1251 4569 1406 4630 clausuris
1432 4567 1498 4630 suis

235 4678 266 4740 fl.
283 4679 305 4739 1.
336 4679 425 4756 Item,
450 4696 551 4739 unum
574 4676 698 4738 coclear
722 4676 760 4737 de
787 4691 919 4757 argento
943 4689 974 4737 et
998 4675 1134 4757 desuper
1158 4675 1351 4737 deaurutum
1375 4673 1407 4735 fl.
1434 4673 1500 4756 I¹l,.

234 4785 323 4862 Item,
340 4796 507 4864 argentum
527 4782 614 4864 quod
639 4782 786 4843 nondum
802 4795 868 4843 erat
881 4794 1062 4864 purgatum,
1076 4781 1184 4862 quoad
1200 4780 1341 4843 mediam
1354 4778 1500 4862 pintham
