3472 5242
267 347 330 410 230
680 330 752 390 Doc.
778 326 847 388 182.
874 363 913 374 -
938 331 996 388 An.
1022 342 1109 407 1523.

272 434 566 441 .———-.r--·-
584 434 746 440 ——.-..--
762 434 897 441 .—-..-.-.
1052 435 1524 444 ———.——---—--—————

266 555 382 636 fienda,
406 556 496 617 cuius
519 556 625 635 series,
650 570 684 618 ut
707 555 802 619 fuerit
825 557 1008 639 expediens,
1032 557 1072 618 ad
1105 557 1278 618 terminum
1312 558 1393 619 intra
1429 559 1529 640 speci·

267 659 396 723 ficatum
418 675 464 722 est
488 661 690 744 reportanda.

374 789 511 856 originale
530 792 556 843 in
584 791 682 845 charta.
703 796 723 841 Α
744 798 822 857 tergo
842 793 1000 856 impressum
1027 799 1069 845 est
1089 793 1214 858 sigillum.
1236 795 1257 843 E
1277 782 1374 844 collect
1402 796 1461 846 den.
1481 792 1531 845 Ra·

269 879 356 931 doslsl
376 877 499 944 Lopasid.

858 1163 939 1228 182.

374 1328 447 1379 Anno
468 1328 542 1380 1523.
566 1330 604 1380 15.
622 1329 689 1394 julli.
710 1329 807 1381 budae.

182 1494 185 1499 -
272 1453 439 1512 ludovicus
464 1451 505 1512 ll.
529 1455 631 1528 Hung.
656 1463 705 1516 etc.
727 1474 789 1529 rex,
815 1456 970 1529 confirmat
995 1457 1181 1529 priuilegium
1204 1474 1224 1511 a
1247 1457 1367 1513 Mathia
1399 1475 1465 1530 rege
1495 1457 1533 1513 ci-

270 1558 351 1617 vibres
385 1560 621 1633 ragrabienst'bus
654 1562 763 1632 dumne,
798 1580 854 1635 quo
885 1580 904 1618 a
935 1562 1119 1635 uectigalibus
1151 1562 1320 1635 tributisque
1349 1570 1406 1635 pro
1444 1580 1534 1619 merce

733 1667 876 1724 solvendis
898 1668 1070 1726 liberantur.

376 1824 443 1884 Nos
467 1822 653 1884 Ludouicus
677 1822 729 1884 dei
753 1823 858 1904 gracia
883 1843 936 1885 rex
961 1823 1125 1904 Hungarie
1151 1836 1182 1883 et
1206 1823 1360 1884 bohemie
1385 1836 1444 1885 etc.
1466 1824 1532 1885 Me·

271 1929 373 1990 morie
397 1928 663 1990 commendamus
686 1941 796 1991 tenore
813 1929 1014 2010 presencium
1038 1928 1253 2010 significantes
1270 1928 1388 2010 quibus
1406 1929 1534 2010 expedit

272 2034 437 2096 universis.
463 2034 561 2108 Quod
584 2033 695 2096 fideles
730 2035 830 2096 nostri
862 2037 1034 2117 prudentes
1065 2048 1096 2095 et
1127 2035 1347 2116 circumspecti
1385 2034 1534 2117 Mychael

272 2140 462 2224 Oprasnych
487 2139 582 2201 iudex
607 2160 643 2202 ac
666 2141 832 2202 Emericus
855 2141 1012 2202 litteratus
1037 2140 1202 2223 Mikulych
1228 2154 1258 2203 et
1292 2141 1452 2221 Georgius
1483 2141 1533 2202 lit·

270 2259 390 2309 temtus
413 2247 507 2308 iurati
531 2246 617 2307 cives
640 2247 776 2308 civitatis
800 2260 906 2308 nostre
931 2246 1212 2328 Montisgrecensis
1244 2247 1309 2307 suis
1340 2266 1376 2308 ac
1407 2247 1533 2308 univer·

271 2371 380 2414 sorum
406 2351 524 2413 civium
550 2364 580 2413 et
606 2353 846 2414 communitatis
869 2353 1013 2415 eiusdem
1040 2352 1176 2414 civitatis
1207 2365 1313 2414 nostre
1346 2352 1534 2415 nominibus
1623 2405 1626 2412 .

271 2457 356 2519 etin
380 2459 524 2540 personis
541 2459 698 2521 Maiestati
723 2472 829 2521 nostre
854 2459 1018 2521 venientes
1036 2460 1067 2520 in
1091 2458 1299 2540 presenciam,
1323 2458 1534 2520 exhibuerunt

272 2564 365 2625 nobis
389 2563 544 2644 quasdam
568 2565 687 2626 litteras
711 2565 902 2626 serenissimi
927 2565 1080 2646 principis
1109 2564 1245 2625 condam
1273 2564 1396 2626 domini
1415 2564 1533 2625 Mathie

271 2669 354 2750 regis
377 2669 554 2749 Hungarie,
578 2670 811 2752 precedessoris
834 2683 939 2733 nostre
965 2673 1049 2732 bone
1082 2670 1249 2749 memorie,
1273 2670 1305 2731 in
1338 2688 1534 2751 pergameno

271 2774 330 2835 sub
355 2773 497 2856 dupplici
530 2775 637 2856 sigillo
668 2796 727 2837 suo
760 2776 1002 2858 privilegialiter
1037 2774 1207 2853 confectas,
1244 2774 1398 2836 habentes
1433 2774 1465 2836 in
1501 2794 1534 2836 se

272 2879 491 2942 confirmative
514 2894 658 2943 tenorem
695 2882 908 2963 quarumdam
943 2882 1120 2944 litterarum
1152 2880 1283 2964 capituli
1316 2880 1448 2942 ecclesie
1480 2880 1534 2941 Al-

273 2988 389 3066 bensis,
422 2988 509 3070 paria
542 2987 719 3049 litterarum
754 2989 946 3049 serenissimi
978 2988 1114 3049 condam
1148 2987 1223 3049 Bele
1255 2987 1338 3068 regis
1370 2987 1535 3067 Hungarie

273 3107 332 3156 etc.
356 3113 451 3177 super
475 3113 540 3154 non
573 3093 739 3155 solucione
771 3095 881 3156 tributi
914 3108 944 3155 et
981 3094 1213 3156 tricesimarum
1249 3092 1378 3176 prefatis
1413 3093 1536 3153 civibus

272 3219 494 3261 concessarum
530 3200 780 3279 continencium,
805 3201 924 3262 tenoris
957 3181 1158 3281 infrascripti,
1191 3200 1406 3282 supplicantes
1437 3199 1535 3259 Maie-

272 3306 343 3367 stati
368 3318 473 3366 nostre
499 3305 596 3366 iidem
623 3306 768 3388 Mychael
794 3306 899 3385 iudex,
933 3305 1097 3367 Emericus
1125 3305 1280 3367 litteratus
1313 3320 1343 3365 et
1377 3304 1536 3385 Georgius

274 3411 432 3472 litteratus
457 3411 549 3472 iurati
575 3412 660 3473 cives
684 3413 714 3473 in
740 3433 796 3474 sua
829 3426 858 3474 et
890 3414 1049 3474 dictorum
1083 3413 1201 3473 civium
1233 3432 1268 3472 ac
1299 3410 1536 3472 communitatis

273 3516 414 3598 predicte
446 3517 582 3578 civitatis
615 3532 719 3579 nostre
756 3519 1038 3600 Montisgrecensis
1071 3518 1266 3596 nominibus,
1301 3531 1333 3577 ut
1365 3517 1536 3597 precriptas

273 3621 393 3684 litteras
415 3622 490 3682 dicti
515 3622 653 3683 condam
679 3623 798 3684 Mathis
822 3625 906 3705 regis
941 3637 971 3685 et
1001 3624 1111 3685 omnia
1135 3624 1167 3684 in
1193 3623 1238 3684 eis
1270 3636 1418 3684 contenta
1444 3635 1536 3698 rataS,

272 3741 376 3809 gratas
399 3741 430 3789 et
453 3742 581 3809 accepta
607 3728 769 3805 habentes,
786 3728 963 3810 litterisque
981 3730 1095 3790 nostris
1109 3729 1361 3810 privilegialibus
1377 3728 1417 3788 de
1436 3727 1535 3788 verbo

274 3833 313 3894 ad
348 3835 481 3894 verbum
518 3834 646 3894 inscribi
692 3832 844 3896 facientes
879 3837 1067 3916 approbare,
1102 3835 1236 3915 illasque
1272 3835 1390 3896 eisdem
1427 3833 1536 3914 judici,

274 3940 393 4017 iuratis,
429 3939 605 4020 ceterisque
650 3939 774 4000 civibus
813 3953 843 4001 et
877 3941 934 4001 toti
972 3942 1193 4002 communitati
1230 3941 1368 4022 predicte
1402 3938 1537 4000 civitatis

274 4058 381 4106 nostre
406 4044 698 4125 Montisgrecensis,
732 4045 896 4107 modernis
919 4046 1038 4107 scilicet
1062 4060 1092 4107 et
1117 4045 1230 4107 futuris
1255 4047 1444 4107 innovantes
1467 4065 1536 4126 per·

274 4166 370 4232 petuo
395 4150 546 4210 valituras
569 4148 757 4210 confirmare
795 4150 1010 4232 dignaremur.
1045 4151 1325 4233 Quarumquidem
1356 4151 1534 4212 litterarum

274 4269 366 4317 tenor
389 4255 460 4316 talis
484 4269 548 4316 est:
573 4255 659 4334 (vide
685 4255 748 4317 vol.
775 4255 812 4318 ll.
839 4257 917 4318 Doc.
943 4277 1015 4338 23¹·
1039 4257 1077 4317 de
1102 4276 1186 4318 anno
1217 4259 1307 4337 1464.
1333 4277 1383 4336 ²4·
1409 4256 1536 4338 martii.)

275 4362 341 4421 Nos
366 4361 460 4442 igitur
483 4361 777 4442 supplicacionibus
810 4363 968 4424 dictorum
1000 4363 1114 4443 judicis
1150 4376 1180 4424 et
1212 4362 1387 4443 juratorum
1418 4363 1536 4424 civium

274 4481 456 4528 nostrorum
479 4486 535 4549 per
559 4487 614 4528 eos
639 4467 704 4528 suis
735 4488 771 4529 ac
794 4470 896 4530 tocius
920 4469 1056 4530 civitatis
1091 4481 1196 4529 nostre
1228 4468 1369 4550 predicte
1404 4469 1537 4529 Montis-

273 4573 433 4653 grecensis
467 4572 653 4633 nominibus
685 4586 790 4634 nostre
829 4575 984 4636 Maiestati
1020 4575 1184 4655 porrectis,
1221 4574 1305 4655 regia
1341 4574 1537 4654 benignitate

274 4678 431 4740 exauditis
454 4691 485 4739 et
519 4678 693 4740 clementer
724 4678 880 4760 admissis,
912 4680 1100 4761 prescriptas
1135 4680 1254 4741 litteras
1288 4679 1364 4741 dicti
1399 4679 1536 4740 condam

275 4782 398 4845 domini
424 4783 544 4846 Mathie
568 4784 652 4865 regis
676 4803 740 4846 non
775 4772 912 4865 alsrasas,
944 4805 1009 4846 uon
1043 4784 1243 4865 cancellatas,
1275 4804 1333 4847 nec
1365 4783 1397 4848 in
1428 4785 1536 4866 aliqua
