3472 5242
776 355 969 428 Argumenta.

1437 358 1510 419 clx

249 453 827 466 ——.—-——.———.,

1024 464 1511 473 ———·——-—-—0——-

245 642 285 694 59.
314 631 390 679 Anno
413 632 488 696 1508,
509 643 550 698 25.
568 629 687 699 januarii.
707 635 805 686 Budae.
833 635 991 695 Vladislaus,
1016 638 1167 700 Hungariae
1192 644 1240 690 etc.
1259 654 1312 701 rex,
1332 655 1403 703 prae-

316 720 379 783 cipit
398 721 576 770 communitati
596 722 717 780 civitatis,
737 730 764 774 ut
789 724 931 787 Georgium
955 726 988 774 de
1007 726 1112 774 Kanila
1136 726 1231 775 bannm
1249 727 1361 790 adjuvet,
1381 728 1403 777 si

314 808 437 858 Andreas
455 809 534 867 Both,
560 810 642 860 banus
667 811 802 876 pristinus,
826 813 979 876 dignitatem
1003 814 1122 863 banalem
1148 815 1267 863 abdicare
1295 831 1403 878 eamque

314 896 428 960 Georgio
446 898 546 946 tradere
565 900 746 962 repugnaverit
765 925 1398 942 ···································

242 983 283 1034 60.
315 983 391 1034 Anno
414 987 488 1050 1508,
509 986 552 1038 28.
571 987 664 1041 martii.
689 988 787 1039 Budae.
807 988 958 1038 Balthasare
977 991 1009 1038 de
1034 990 1110 1056 Alap‚
1130 998 1271 1056 capetaneo
1289 991 1404 1055 gentium

311 1071 376 1122 levis
388 1081 530 1123 armaturae
543 1075 570 1124 111
589 1075 700 1133 Croatia,
713 1083 857 1134 accusante,
878 1077 1028 1126 vladislaus
1041 1095 1085 1127 rex
1104 1080 1198 1137 Lucae,
1218 1081 1341 1144 episcopo
1360 1097 1399 1128 za-

312 1161 442 1222 grabiensi
463 1164 597 1227 praecipit,
623 1172 652 1212 111
679 1165 839 1229 Stephanum
869 1167 1020 1216 canonicum
1048 1167 1178 1233 lectorem,
1197 1184 1281 1233 poena
1298 1167 1402 1223 afficiat,

311 1250 372 1312 qnia
391 1250 573 1300 documentum
591 1252 713 1302 iussionis
731 1254 848 1302 eiusdem
867 1253 1025 1304 Baithasaris
1044 1256 1077 1304 de
1096 1256 1164 1321 Alap
1183 1257 1333 1321 depravavit
1370 1282 1394 1293 ··

241 1365 284 1412 61.
304 1357 381 1406 Anno
403 1359 477 1422 1508,
498 1370 520 1424 5.
541 1359 610 1411 maii.
631 1361 780 1423 Zagrabiae.
808 1360 900 1410 Coram
926 1363 1108 1412 communitate
1134 1363 1247 1413 civitatis
1266 1363 1401 1411 Emericns

312 1444 424 1494 Miliulid
443 1462 532 1508 agrum
551 1462 625 1495 suum
645 1448 769 1498 Michaeli
789 1448 895 1513 pellitici
918 1450 948 1499 16
968 1451 1021 1501 tlor.
1041 1452 1096 1501 auri
1115 1451 1203 1500 vendit
1209 1476 1395 1492 ···········

240 1530 282 1581 62.
301 1534 378 1581 Anno
400 1535 475 1598 1508,
497 1547 537 1597 31.
551 1536 619 1589 maii.
634 1537 723 1585 Budae
750 1535 909 1594 Vladlslaus,
924 1538 1074 1601 Hungariae
1087 1544 1135 1589 etc.
1149 1554 1202 1602 rex,
1221 1537 1399 1586 communitati

312 1622 425 1671 civitatis
432 1623 515 1687 jubet,
528 1630 557 1672 ut
575 1625 608 1673 de
617 1624 729 1673 Nicolao
743 1624 895 1688 Soldinnrlt‚
907 1626 952 1688 qui
971 1627 1095 1676 canonico
1114 1626 1297 1676 archidiacono
1304 1626 1400 1674 1111111111

310 1709 380 1773 lecit,
399 1726 431 1758 ex
454 1710 557 1774 legibus
582 1713 735 1761 sententiam
760 1713 834 1770 ierat,
860 1714 1043 1778 incumbatque
1068 1717 1101 1764 ad
1126 1731 1156 1763 ea
1174 1714 1313 1776 reddenda,
1333 1729 1399 1776 quae

308 1797 377 1846 furto
396 1806 454 1848 sunt
474 1806 592 1864 surrepta
616 1826 1321 1842 ········································
1334 1827 1356 1852 .·
1369 1827 1374 1840 ·
1387 1828 1392 1838 ·

238 1903 278 1964 63.
300 1904 380 1953 Anno
403 1907 477 1970 1508,
499 1919 539 1957 11.
550 1907 626 1971 iunii.
647 1907 794 1970 Zagrabiae.
815 1908 998 1958 Praebendarii
1011 1908 1135 1958 ecclesiae
1154 1907 1318 1965 cathedralis,
1337 1921 1397 1956 con·

307 1994 427 2042 ventione
446 2010 503 2043 cum
528 1994 643 2059 capitulo
670 1996 745 2054 iacta,
771 2011 863 2047 munus
882 1997 974 2046 missae
998 2013 1045 2062 pro
1070 1998 1199 2047 defunctis
1218 1996 1398 2052 instituendae,

307 2082 452 2146 suscipiunt
472 2109 1267 2126 ·············································
1266 2150 1270 2155 ⁵
1279 2109 1391 2124 ·······

236 2168 278 2230 64.
299 2171 378 2219 Anno
402 2173 477 2236 1508,
500 2184 541 2233 19.
558 2172 633 2237 J'unii.
653 2173 844 2223 Communitate
863 2174 975 2225 civitatis
997 2182 1126 2240 precante,
1144 2174 1303 2230 vladislaus,
1322 2175 1397 2221 Hun-

306 2260 392 2321 gariae
411 2267 461 2311 etc.
480 2277 532 2318 rex,
552 2261 679 2325 concedit,
699 2268 727 2310 ut
752 2263 850 2312 octavis
876 2265 936 2312 testi
960 2264 1167 2328 Epiphaniarurn
1186 2263 1293 2312 Domini
1311 2278 1396 2311 coram

306 2347 380 2397 banis
399 2349 492 2398 iterum
509 2350 636 2413 judicium
656 2349 700 2399 fiat
726 2351 759 2398 de
783 2349 934 2416 Kraljevec,
960 2351 1036 2417 Cerje
1054 2359 1103 2403 etc,
1128 2351 1344 2417 possessionibus,
1363 2350 1396 2398 de

306 2438 400 2500 quibus
419 2439 589 2488 communitas
609 2440 721 2490 civitatis
740 2455 798 2489 cum
817 2440 932 2505 capitulo
953 2440 1039 2504 litigat
1153 2465 1390 2479 ··············

235 2542 276 2608 65.
299 2545 374 2594 Anno
396 2547 470 2610 1508,
494 2559 532 2607 19.
549 2546 626 2611 junii.
645 2547 836 2597 Communitate
857 2548 969 2596 civitatis
989 2553 1118 2611 precante,
1137 2546 1296 2603 vladislaus,
1317 2547 1391 2594 Hun-

305 2634 391 2694 garlae
410 2640 461 2683 etc.
479 2651 532 2692 rex,
551 2635 677 2693 concedit,
697 2643 725 2684 ut
744 2637 842 2685 octavis
871 2637 931 2685 sesti
951 2636 1157 2699 Epiphaniarum
1177 2635 1291 2692 Domini,
1310 2649 1394 2682 coram

305 2721 379 2770 banis
398 2723 490 2772 iterum
508 2723 634 2788 iudicium
660 2723 704 2772 fiat
732 2724 764 2772 de
790 2724 929 2772 Petrovina
948 2731 973 2771 et
999 2709 1160 2787 {iljalrovina
1180 2721 1394 2787 possessionibus,

304 2810 450 2873 dequibus
469 2812 639 2862 communitas
659 2812 770 2862 civitatis
790 2828 847 2861 cum
876 2812 983 2877 Sophia,
1008 2811 1098 2860 relicta
1122 2813 1228 2874 Hening
1248 2811 1280 2858 de
1300 2810 1393 2858 Sused·

303 2899 375 2960 grad,
394 2898 479 2963 litigat
503 2923 1388 2939 ·················································

234 3005 275 3056 60.
296 3006 377 3055 Α11110
399 3009 473 3070 1508,
493 3018 516 3071 5.
536 3007 647 3070 augusti.
662 3007 758 3059 Budae.
780 3005 903 3063 hlathiae‚
917 3005 1068 3067 Hungariae
1081 3005 1149 3067 regis
1169 3005 1279 3061 litterae,
1298 3003 1393 3065 quibus

304 3094 482 3143 communitati
502 3095 622 3152 civitatis,
643 3095 745 3152 Dedici,
770 3080 947 3155 (lernomerec,
973 3093 1059 3156 Bitelr,
1083 3099 1188 3159 ereptae
1209 3091 1392 3156 possessiones,

1427 565 1510 618 Pagina

1475 902 1505 951 61

304 3182 420 3231 redditae
439 3190 508 3239 sunt,
528 3200 543 3231 a
561 3183 697 3233 Vladislao
717 3200 776 3246 rege
801 3182 984 3232 confirmantur
1008 3204 1387 3219 ······················
1466 3190 1480 3201 ·

233 3271 275 3334 67.
296 3272 376 3319 Anno
398 3272 473 3335 1508,
496 3284 517 3320 1.
531 3271 683 3320 novembris
705 3271 852 3334 Zagrahiae.
873 3271 965 3319 Coram
979 3272 1057 3334 Luca,
1078 3269 1201 3333 episcopo
1221 3268 1391 3331 zagrahiensi‚

303 3360 450 3424 Stephanus
471 3361 503 3408 de
522 3359 636 3424 Bachyn,
656 3360 794 3409 canonicus
812 3359 902 3423 lector,
931 3358 1063 3411 scedulam
1087 3358 1208 3407 iussionis
1226 3357 1324 3420 egregii
1343 3358 1391 3404 Ba·

303 3448 412 3498 thasaris
430 3450 462 3497 de
481 3447 549 3513 Alap
567 3464 583 3496 a
602 3464 629 3496 se
648 3449 705 3512 ipso
724 3449 888 3513 depravatam
908 3463 965 3496 esse
988 3446 1124 3496 confitetur
1148 3469 1386 3484 ··············

202 3560 208 3570 ·
233 3536 274 3588 68.
294 3538 371 3586 Anno
392 3537 467 3601 1508,
487 3536 634 3599 Zagrabiae.
654 3535 852 3585 Communitatis
865 3536 978 3586 civitatis
996 3535 1107 3592 decreta,
1126 3550 1192 3597 quae
1210 3534 1339 3599 pertinent
1358 3533 1390 3581 ad

302 3632 469 3674 mercaturam
485 3646 1385 3665 ···················································

231 3715 272 3773 (19.
293 3714 374 3763 Anno
396 3726 470 3779 1509,
490 3716 515 3766 8.
534 3714 603 3766 mail.
623 3714 770 3777 Zagrabiae.
790 3713 968 3762 Communitas
991 3713 1103 3762 civitatis
1130 3710 1227 3760 10011110
1250 3710 1390 3758 communi·

302 3803 362 3851 tatis
381 3802 494 3865 Georgio
514 3802 629 3851 Kusidin
649 3815 662 3865 3
683 3801 735 3853 flor,
755 3801 844 3850 vendit
863 3823 1385 3840 ······························

232 3919 273 3970 70.
294 3909 374 3956 Anno
397 3918 471 3972 1509,
494 3908 533 3957 16.
553 3906 624 3958 maii.
644 3907 793 3971 Zagrablae.
813 3906 905 3956 Coram
924 3906 1106 3955 communitate
1131 3905 1243 3954 civitatis
1263 3902 1389 3953 Nicolaus

301 3981 432 4054 Carlovid,
451 3997 569 4047 Thomne
588 3995 660 4045 tratri
679 4011 725 4044 suo
744 4002 769 4043 et
790 3995 946 4044 Catharinae
975 3994 1097 4058 consorti,
1116 3977 1223 4042 fundum
1251 4008 1325 4041 sunm
1343 3993 1388 4041 de·

300 4090 396 4133 sertum
416 4097 429 4147 3
449 4085 504 4134 1101.
524 4085 579 4133 auri
602 4084 691 4132 vendit
715 4109 721 4122 ·
751 4106 1382 4123 ····································

231 4182 271 4234 71.
291 4173 370 4221 Anno
393 4184 467 4237 1509,
487 4188 512 4235 4.
529 4173 606 4236 junii.
627 4172 776 4235 Zagrabiae
797 4172 889 4221 Coram
903 4171 1022 4228 Nicoiao,
1043 4171 1167 4220 canonico
1185 4170 1290 4226 lectore,
1310 4175 1389 4217 testes

300 4262 405 4324 quidam
423 4267 569 4310 asseverant
587 4276 663 4324 agros
688 4260 815 4309 Koritade
837 4259 991 4326 appellatos,
1015 4259 1138 4325 hospitali
1164 4273 1184 4309 s.
1205 4257 1341 4307 Elisabeth
1360 4259 1386 4306 in

300 4366 358 4398 area
376 4349 484 4415 capituli
503 4350 553 4398 sito
572 4349 661 4397 deberi
680 4372 1382 4389 ......................................
1480 4359 1489 4371 -

230 4467 272 4517 72.
302 4457 378 4504 Anno
401 4466 475 4521 1509,
495 4468 518 4518 7.
538 4455 649 4518 augusti.
669 4455 766 4503 Budae.
787 4455 880 4504 Coram
906 4454 1020 4520 capitulo
1046 4454 1156 4503 budensi
1182 4453 1318 4518 Johannes
1337 4453 1386 4500 Po·

299 4545 378 4608 iegaj,
395 4544 475 4608 judex
493 4544 677 4608 zagrahiensis,
700 4550 799 4593 recusat
825 4543 858 4591 de
877 4542 1026 4607 Kraljevec,
1051 4542 1161 4606 aliisque
1180 4540 1387 4606 possessionibus

299 4633 489 4681 communitatis
508 4649 523 4681 a
542 4630 678 4680 Vladislao
698 4646 757 4694 rege
776 4630 890 4696 capitulo
908 4631 1068 4695 zagrabiensi
1087 4630 1189 4679 donatis
1215 4653 1380 4668 ··········

229 4732 270 4783 73.
299 4720 380 4769 Anno
402 4732 476 4785 1510,
497 4732 519 4772 2.
540 4719 638 4785 aprilis.
658 4705 766 4769 Casmae
793 4720 885 4778 Lucas,
905 4721 1043 4785 episcopus
1071 4719 1252 4782 eugubiensis,
1271 4715 1385 4780 capitulo

299 4809 433 4874 praecipit,
452 4815 480 4858 ut
496 4806 611 4873 Johanni
631 4808 739 4868 Bradad,
758 4808 940 4858 archidiacono
958 4809 1097 4872 denegatos
1116 4807 1232 4856 redditus
1250 4805 1332 4854 tradat
1356 4831 1380 4843 ··
