3472 5242
219 345 260 428 76
645 348 716 407 Dec.
733 359 783 425 72.
812 381 849 390 -
877 349 931 405 An.
954 360 1043 422 1509.

738 452 973 459 —--—-—·—-
1205 452 1479 460 *φ’-

218 569 319 633 lassus
350 585 406 652 est,
430 575 518 655 quod
543 575 629 637 idem
654 591 747 638 natus
772 590 853 637 esset
875 575 907 637 in
931 574 1008 637 villa
1033 575 1232 637 Chutlrowcz
1257 589 1288 637 et
1311 575 1370 637 scit
1392 575 1483 657 quod

218 675 301 739 dicte
317 690 398 739 terre
416 678 448 740 in
464 680 609 762 predicto
627 681 805 742 monticulo
822 681 991 742 existentes
1006 702 1024 742 a
1041 682 1134 743 certis
1149 681 1241 743 annis
1257 682 1484 763 pertinuissent

218 783 258 846 ad
288 784 467 865 predictum
499 784 668 868 hospitale,
691 799 723 847 et
752 786 811 847 scit
841 785 942 847 eciam
973 786 1113 847 decimas
1146 787 1266 849 ibidem
1295 807 1312 848 a
1337 787 1483 869 pluribus

218 889 404 951 hominibus
435 890 606 951 exsolvisse
638 890 678 952 ad
710 889 885 971 hospitale;
918 891 1044 972 ignorat
1075 905 1183 953 tamen
1207 892 1373 972 quomodo
1399 893 1483 955 dicte

218 1009 299 1056 terre
323 996 526 1058 devenissent
548 997 588 1057 ad
613 996 734 1058 dictum
759 996 926 1079 hospitale.

324 1135 460 1200 originale
486 1136 511 1186 in
539 1137 637 1190 charta
662 1136 688 1187 ln
714 1137 812 1189 archiv.
837 1152 896 1188 ven.
922 1137 1008 1202 Capit.
1027 1140 1124 1204 tagrab
1153 1137 1213 1190 Act.
1242 1138 1326 1202 Capit.
1347 1142 1400 1190 ant.
1419 1137 1483 1188 fase.

218 1224 261 1273 91.
281 1237 319 1274 nr.
339 1225 362 1276 6.

821 1442 878 1508 72.

325 1580 402 1631 Anno
426 1580 500 1644 1509,
521 1581 544 1632 t.
564 1581 678 1645 augusti.
699 1581 795 1634 Bttdae.

225 1722 327 1779 Coram
351 1725 475 1797 copt'tulo
497 1724 617 1781 badensi
637 1722 794 1800 johannes
820 1726 941 1802 Poz'gos,
955 1724 1060 1804 judex
1082 1726 1292 1804 zagrabiensis,
1317 1734 1431 1783 recusat
1450 1725 1484 1782 de

218 1826 382 1906 Kraljettec,
414 1831 536 1904 altisque
560 1831 782 1903 possessionibus
809 1834 1021 1890 carrzmunitao's
1044 1852 1064 1889 a
1096 1833 1242 1889 Vdrdtslao
1264 1850 1329 1904 rege
1351 1830 1478 1904 capt‘tulo

681 1939 866 2010 zogrobietsi
886 1938 1014 1996 deitatis.

326 2075 392 2135 Nos
415 2075 590 2157 capitulum
616 2075 748 2137 ecclesie
773 2076 935 2137 budensis.
961 2077 1116 2139 Memorie
1141 2076 1405 2137 commendamus
1429 2096 1483 2157 per

218 2192 389 2261 presentes,
421 2180 509 2261 quod
545 2182 661 2243 nobilis
692 2196 723 2244 et
755 2183 1003 2263 circumspectus
1034 2183 1196 2243 lohannes
1227 2182 1371 2264 Posegay
1404 2182 1482 2243 alias

219 2283 314 2364 judex
338 2299 369 2347 et
393 2287 470 2348 civis
494 2287 628 2348 civitatis
657 2289 774 2348 montis
799 2287 968 2350 Grecensis
993 2289 1024 2348 in
1048 2308 1104 2349 sua
1128 2288 1331 2369 aliorumque
1357 2287 1482 2349 univer·

219 2408 328 2450 sorum
352 2392 470 2453 civium
494 2407 525 2453 et
548 2391 724 2474 juratorum
747 2393 891 2456 eiusdem
917 2393 1052 2455 civitatis
1076 2395 1195 2455 montis
1221 2392 1389 2455 Grecensis
1413 2412 1483 2475 per-

219 2495 316 2575 sonis,
333 2511 473 2559 nostram
497 2500 706 2580 personaliter
730 2500 862 2561 veniens
885 2500 917 2561 in
942 2500 1149 2581 presenciam,
1168 2500 1260 2561 nobis
1277 2519 1333 2581 per
1349 2498 1483 2561 modum

218 2603 460 2682 protestacionis
477 2619 507 2666 et
528 2604 731 2666 inhibicionis
747 2605 924 2686 significare
941 2606 1062 2666 cutavit
1079 2605 1111 2666 in
1129 2604 1213 2666 hunc
1231 2605 1382 2666 modum:
1403 2624 1480 2685 qua-

219 2707 291 2769 liter
314 2709 501 2772 honorabile
526 2710 702 2792 capitulum
722 2710 855 2773 ecclesie
871 2710 1097 2790 zagrabiensis,
1115 2711 1253 2771 nescitur
1269 2711 1386 2792 quibus
1403 2709 1481 2770 moti

218 2815 423 2895 respectibus,
446 2817 661 2897 possessiones
684 2816 861 2878 eorundem
885 2816 1003 2877 civium
1027 2815 1276 2897 protestancium
1303 2816 1482 2894 Kralowcz,

220 2920 354 3004 Czerye,
378 2923 538 3005 Kobylya,
561 2923 715 3005 Zwyblya
747 2936 778 2985 et
808 2922 907 2983 Narth
941 2936 1077 3002 vocatas,
1101 2921 1236 2983 omnino
1269 2921 1300 2982 in
1330 2921 1483 2982 comitatu

220 3027 418 3107 zagrabiensi
450 3030 630 3106 existentes,
655 3028 788 3107 habitas,
812 3048 829 3089 a
861 3028 954 3089 certis
982 3028 1144 3089 retroactis
1167 3027 1366 3109 temporibus
1389 3045 1483 3086 occu·

219 3134 324 3215 pative
360 3148 390 3195 et
414 3136 595 3217 usurpative
619 3148 723 3217 preter
747 3153 877 3196 omnem
902 3135 986 3195 viam
1011 3133 1088 3214 juris
1112 3133 1273 3211 tenuisset,
1297 3145 1482 3212 teneretque

220 3252 251 3300 et
280 3240 457 3320 possideret
488 3242 589 3302 eciam
620 3240 737 3318 modo;
762 3260 834 3302 cum
870 3254 976 3301 tamen
1001 3240 1131 3300 eosdem
1162 3240 1247 3300 cives
1274 3249 1484 3320 protestantes

219 3346 360 3427 predicte
398 3348 614 3428 possessiones
652 3367 725 3408 cum
760 3346 964 3429 pertinenciis
998 3346 1063 3405 suis
1094 3346 1249 3406 universis
1281 3344 1378 3424 pleno
1412 3342 1480 3423 jure

220 3467 457 3530 concernerent,
486 3467 517 3515 et
549 3452 588 3514 ad
613 3453 755 3531 eosdem,
786 3464 1080 3532 consequenterque
1113 3450 1229 3511 dictam
1264 3451 1404 3530 ipsorum
1440 3448 1482 3508 ci-

220 3558 359 3627 vitatem,
383 3559 422 3619 ab
454 3558 588 3638 antiquo
619 3558 845 3638 pertinuissent
876 3571 907 3619 et
934 3557 1092 3638 pertinere
1115 3556 1356 3616 dinoscerentur
1381 3554 1482 3614 eciam

220 3662 258 3722 de
283 3665 432 3744 presenti,
450 3664 481 3724 in
506 3663 718 3744 preiudicium
743 3677 773 3723 et
795 3663 982 3743 dampnum,
999 3660 1180 3742 juriumque
1202 3660 1395 3741 derogamen
1417 3658 1482 3720 dic-

219 3781 325 3829 torum
349 3769 467 3829 civium
491 3767 706 3829 manifestum.
726 3766 817 3828 Unde
843 3767 923 3827 facta
947 3766 1132 3827 huiusmodi
1157 3765 1400 3848 protestacione,
1418 3765 1482 3825 iam

221 3871 302 3933 latus
322 3873 483 3934 lohannes
507 3873 584 3933 alias
606 3872 712 3951 judex,
732 3891 790 3932 suo
815 3886 845 3933 et
869 3872 1006 3932 aliorum
1030 3890 1168 3951 quorum
1184 3889 1279 3952 supra
1296 3869 1482 3931 nominibus

220 3993 250 4039 et
282 3979 313 4038 in
339 3978 493 4059 personis,
523 3977 758 4038 serenissimum
786 3977 963 4059 principem
993 3975 1162 4037 dominum
1188 3975 1403 4037 Wladislaum
1427 3974 1478 4037 dei

219 4084 324 4163 gracia
356 4103 463 4163 regem
492 4083 656 4163 Hungarie
681 4096 712 4142 et
735 4081 889 4143 Bohemie
914 4095 972 4142 etc.
997 4081 1166 4143 dominum
1191 4096 1335 4143 nostrum
1359 4080 1482 4160 gracio-

220 4189 380 4249 sissimum
413 4209 430 4249 a
461 4188 639 4249 donacione
671 4202 701 4248 et
725 4187 1174 4268 collacione,yconsensusque
1196 4187 1245 4249 sui
1270 4186 1347 4266 regii
1372 4205 1481 4267 super·

221 4294 295 4355 inde
323 4294 537 4372 adhibicione,
560 4293 717 4374 prefatum
742 4292 937 4373 demumque
963 4293 1138 4375 capitulum
1163 4306 1194 4353 et
1217 4293 1298 4353 alios
1322 4291 1484 4373 quoslibet

222 4400 387 4461 universos
403 4400 632 4479 cuiuscumque
649 4413 747 4460 status
763 4413 793 4459 et
810 4398 1009 4460 condicionis
1025 4399 1172 4459 homines
1189 4400 1228 4459 ab
1243 4398 1482 4478 impetracione,

222 4505 447 4585 occupatione,
472 4505 694 4586 usurpatione,
718 4505 971 4584 detencioneque
1004 4518 1034 4564 et
1058 4503 1304 4564 conservacione
1328 4503 1482 4585 prescrip·

221 4624 325 4670 tarum
348 4610 586 4692 possessionum
611 4610 790 4687 Kralowcz,
815 4609 948 4691 Czerye,
970 4609 1129 4690 Kobylya,
1154 4608 1308 4691 Zwyblya
1333 4621 1363 4670 et
1382 4607 1483 4670 Narth

221 4714 556 4796 pertinenciarumque
588 4734 717 4777 suarum
753 4715 973 4776 universarum
1005 4713 1072 4795 jure
1105 4726 1331 4774 annotatorum
1362 4713 1482 4775 civium

222 4834 362 4900 spectare
401 4820 599 4900 debentium,
627 4840 725 4902 seque
763 4821 849 4901 ipsos
887 4819 1003 4901 quovis
1040 4819 1166 4901 quesito
1204 4820 1263 4880 sub
1302 4817 1409 4879 colore
1449 4818 1483 4880 in
