3472 5242
232 341 274 404 74
673 328 744 387 Dec.
761 341 810 404 70.
836 361 874 369 —
901 331 958 388 Aa.
978 341 1069 408 1509.

776 433 1014 441 -...——..—--—-
1029 438 1044 441 -.
1054 437 1150 443 κ-
1168 439 1268 445 -—-—-
1283 440 1495 449 .—-—-——-.-.

232 553 407 632 communi,
424 553 627 615 vendidimus
650 569 681 617 et
704 555 899 618 contulimus
922 557 989 639 jure
1013 572 1169 640 perpetuo
1193 573 1224 621 et
1244 561 1495 625 irrevocabiliter

232 658 417 738 tenendum,
441 659 673 741 possidendum
697 661 814 743 pariter
837 677 867 724 et
891 662 1076 726 habendum
1100 685 1136 726 ac
1160 665 1245 727 iuxta
1270 668 1495 731 condicionem

232 763 368 825 civitatis
391 777 554 846 prenotate
579 767 619 827 ab
643 767 777 848 antiquo
795 768 1036 849 privilegialiter
1052 773 1271 852 approbatam,
1288 793 1494 856 quocumque

232 868 368 930 voluerit
399 869 647 952 disponendum.
677 872 709 932 ln
736 873 826 934 cuius
849 874 893 934 rei
916 876 1116 954 memoriam,
1140 877 1369 957 testimonium,
1393 881 1491 941 firmi·

232 988 394 1057 tatemque
418 991 605 1058 perpetuam
628 992 791 1060 presentes
815 980 933 1041 litteras
957 981 1064 1062 sigillo
1088 997 1197 1044 nostro
1218 985 1382 1045 communi
1400 987 1494 1047 robo-

233 1094 315 1143 ratas
354 1082 458 1142 eidem
497 1082 646 1144 duximus
681 1085 912 1147 concedendas.
945 1086 1062 1148 Datum
1099 1086 1175 1149 feria
1212 1089 1307 1150 tercia
1342 1089 1374 1150 in
1410 1089 1492 1152 festo

232 1186 445 1268 apparitionis
483 1189 581 1249 sancti
615 1189 779 1252 Michaelis
811 1192 1003 1272 archangeli.
1035 1197 1131 1254 Anno
1163 1193 1286 1255 domini
1319 1195 1493 1259 millesimo

233 1291 493 1372 quingentesimo
518 1313 615 1356 nono.

339 1434 474 1498 Originale
499 1434 525 1485 in
551 1438 708 1489 membrana.
733 1435 807 1487 Zona
830 1440 912 1488 rubea
936 1439 1039 1489 sericea
1063 1440 1195 1503 appendet
1223 1441 1324 1504 absque
1349 1440 1448 1504 sigillo.
1468 1439 1495 1491 ln

234 1521 333 1573 archiv.
354 1522 413 1575 incl.
432 1522 527 1574 Accad.
547 1522 636 1575 Scieut
664 1523 767 1577 Slavor.
788 1526 878 1578 merid.

846 1775 909 1841 to.

339 1914 413 1964 Anno
436 1915 511 1979 1509,
533 1917 571 1966 16.
591 1915 661 1967 maii.
680 1914 835 1980 Zagrabiae.

239 2040 342 2098 Coram
374 2043 574 2101 communitate
595 2043 721 2100 ciuitatis
744 2044 886 2101 Nicolaus
918 2023 1067 2113 Caulone,
1095 2044 1229 2115 Thomna,
1254 2045 1354 2118 fratri
1387 2063 1441 2103 suo
1471 2052 1500 2102 et

282 2147 468 2221 catharinae,
494 2151 622 2207 consorti
641 2167 721 2218 suae,
737 2150 867 2223 fundum
890 2168 973 2207 suum
996 2151 1134 2206 desertum
1152 2164 1176 2225 3
1192 2149 1231 2223 st.
1249 2152 1323 2208 auri
1343 2151 1446 2210 vestitit.

339 2287 406 2347 Nos
438 2287 602 2348 Emericus
635 2288 828 2370 Mykwlych,
861 2287 945 2349 lilius
976 2288 1141 2367 Demetrii,
1174 2287 1280 2369 judex,
1306 2288 1496 2370 Stephanus,

235 2391 368 2470 Blasius‚
394 2391 564 2474 Georgius,
586 2394 733 2472 Mathias,
754 2394 926 2472 lohannes,
943 2393 1067 2472 Simon,
1084 2394 1273 2455 Valentinus
1297 2408 1328 2455 et
1344 2394 1497 2456 Nicolaus

234 2497 337 2577 jurati,
355 2513 385 2559 et
409 2499 581 2560 consiliarii
606 2521 640 2561 ac
662 2501 801 2561 universi
824 2500 908 2560 cives
932 2500 1066 2561 civitatis
1091 2500 1209 2562 montis
1234 2499 1411 2573 Grecensis.
1430 2501 1496 2560 Me-

235 2604 335 2665 morie
360 2604 625 2667 commendamus
648 2619 758 2673 tenore
779 2605 979 2688 presencium
996 2605 1219 2686 significantes,
1237 2606 1353 2685 quibus
1369 2604 1498 2687 expedit

235 2711 400 2772 universis.
433 2711 530 2784 Quod
562 2712 609 2773 vir
640 2712 793 2794 providus
816 2711 968 2773 Nicolaus
1000 2725 1101 2772 suttor
1125 2712 1354 2793 Chawlowych
1383 2711 1497 2789 dictus,

235 2815 274 2876 ad
305 2831 446 2879 nostram
471 2819 680 2899 personaliter
703 2819 836 2879 veniens
857 2817 1065 2899 presenciam,
1090 2815 1252 2878 confessus
1276 2831 1321 2878 est
1356 2817 1389 2877 in
1413 2817 1496 2879 hunc

235 2922 386 2984 modum:
422 2938 456 2985 ut
491 2925 557 3006 ipse
590 2924 754 3005 quoddam
791 2924 928 2984 fundum
960 2942 1053 2983 suurn
1083 2923 1242 2984 desertum
1274 2924 1305 2983 in
1337 2923 1497 2984 territorio

235 3043 344 3090 nostro
375 3050 431 3091 seu
463 3030 598 3092 civitatis
631 3029 751 3112 prefate
783 3030 813 3090 in
846 3030 950 3110 platea
983 3048 1038 3088 seu
1071 3028 1102 3088 in
1128 3028 1199 3089 vico
1222 3042 1391 3107 suttorum,
1415 3029 1498 3089 inter

234 3134 330 3196 aliam
364 3135 497 3197 domum
533 3157 550 3197 a
586 3135 788 3197 meridionali
824 3148 913 3216 parte
945 3133 1070 3195 Nicolai
1103 3134 1231 3194 suttoris
1267 3133 1497 3216 Chawlowych

235 3240 321 3320 dicti,
346 3262 363 3302 a
395 3243 646 3324 septemtrionali
671 3261 745 3303 vero
770 3254 858 3323 parte
883 3240 999 3300 domus
1022 3238 1176 3300 heredum
1201 3259 1257 3300 seu
1279 3259 1496 3301 successorum

235 3348 371 3409 condam
404 3348 551 3428 Gregorii
577 3348 699 3410 Pethko
723 3348 837 3426 vocati,
862 3346 1043 3408 concivium
1067 3358 1260 3423 nostrorum,
1285 3348 1324 3406 ab
1349 3346 1496 3407 orientali

234 3468 321 3536 parte
353 3455 458 3536 platea
488 3457 678 3533 communis,
701 3456 741 3515 ab
765 3452 954 3514 occidentali
979 3466 1067 3534 parte
1091 3450 1223 3532 quidam
1247 3451 1401 3512 orticulus
1424 3452 1496 3514 Elie

237 3560 487 3642 Saphranychyn
512 3561 598 3638 dicti,
619 3561 764 3622 similiter
788 3558 928 3620 concivis
952 3559 1049 3619 nostri
1074 3557 1219 3617 habiturn
1242 3577 1279 3617 ex
1302 3557 1498 3636 existentem,

236 3665 376 3727 mediam
407 3666 632 3728 tantummodo
664 3666 784 3727 curiam
816 3664 856 3725 ad
890 3683 982 3724 usum
1014 3662 1095 3724 dicte
1124 3663 1259 3724 civitatis
1284 3663 1314 3723 in
1340 3682 1372 3723 se
1397 3663 1498 3723 conti.

236 3787 376 3851 nentem,
408 3773 513 3854 ipsum
549 3773 669 3833 scilicet
701 3771 871 3831 Nicolaum
904 3783 1057 3830 suttorem
1091 3769 1130 3829 ab
1164 3769 1292 3829 Andrea
1326 3767 1497 3851 Rybarych

236 3878 413 3960 empcionis
448 3878 541 3938 titulo
578 3876 749 3938 literatorie
782 3888 1038 3951 concernentem,
1069 3887 1165 3956 prout
1195 3874 1256 3934 hoc
1289 3873 1321 3934 in
1358 3873 1497 3954 quadam

236 3986 339 4047 littera
375 3998 481 4046 nostra
518 4004 572 4045 seu
609 3982 743 4044 civitatis
778 3981 897 4063 prefate
929 3980 1132 4061 privilegiali,
1162 3993 1307 4060 ternpore
1341 3978 1499 4040 iudicatus

237 4090 396 4172 Gregorii,
429 4088 485 4149 filii
519 4088 657 4164 Andree,
689 4088 728 4148 de
761 4107 846 4148 anno
879 4086 1002 4148 domini
1036 4085 1209 4147 millesimo
1240 4084 1498 4166 quingentesimo

236 4211 360 4273 octavo,
378 4195 558 4278 nuperrime
585 4193 751 4276 preteritis,
768 4212 826 4275 pro
851 4206 937 4274 parte
962 4193 1061 4274 ipsius
1082 4192 1206 4253 Nicolai
1229 4189 1400 4273 superinde
1424 4208 1499 4249 con·

237 4300 316 4362 fecta
349 4316 378 4362 et
409 4314 566 4378 emanata,
589 4320 624 4360 ac
658 4318 765 4359 coram
800 4299 893 4360 nobis
925 4299 956 4359 in
989 4299 1093 4379 specie
1127 4297 1281 4379 producta
1311 4310 1341 4356 et
1366 4294 1499 4355 demon·

237 4422 330 4468 strata
355 4408 415 4467 lide
445 4426 588 4488 expresse
622 4406 761 4466 vidimus
790 4406 945 4466 contineri
971 4404 1106 4480 oculata,
1129 4403 1224 4464 simul
1254 4422 1325 4463 cum
1348 4400 1501 4461 omnibus

237 4513 379 4574 eiusdem
412 4512 502 4573 fundi
535 4512 650 4573 deserti
682 4511 881 4589 utilitatibus,
905 4511 1038 4590 juribus,
1063 4509 1182 4587 usibus,
1208 4507 1441 4588 integritatibus
1470 4518 1500 4566 et

237 4618 441 4700 pertinenciis
465 4617 620 4679 universis
645 4617 712 4678 viro
737 4616 873 4697 provido
897 4615 1026 4676 Thorne
1051 4614 1174 4690 suttori,
1191 4611 1277 4673 fratri
1303 4632 1361 4674 suo
1382 4611 1500 4672 carnali

237 4744 272 4784 ac
290 4722 461 4784 Catharine
484 4724 623 4784 consorti
646 4741 713 4799 sue,
730 4735 761 4783 et
783 4741 840 4803 per
865 4740 920 4782 eos
945 4720 1043 4801 ipsius
1066 4717 1249 4795 heredibus,
1268 4731 1302 4778 ut
1328 4717 1391 4778 iam
1407 4715 1501 4778 novis

236 4828 422 4890 concivibus
445 4829 570 4908 nostris,
586 4847 644 4910 pro
665 4828 766 4889 tribus
782 4827 910 4891 florenis
926 4826 1005 4905 auri,
1024 4825 1070 4886 uti
1086 4823 1172 4885 idem
1189 4821 1330 4905 prelatus
1346 4822 1500 4884 Nicolaus
