3472 5242
244 369 307 430 24⁰
656 353 731 413 Doc.
755 365 825 426 191.
848 385 892 395 -
914 353 971 410 An.
996 364 1084 430 1524.

244 593 363 642 certum
389 593 419 641 et
444 581 575 641 brevem
607 579 780 640 terminum
817 579 960 661 parribus
995 580 1070 662 ipsis
1107 601 1163 661 per
1191 601 1248 642 vos
1284 580 1518 663 prefigendum·

243 705 350 746 coram
374 685 466 747 vobis
489 699 519 746 et
542 686 637 747 vestri
662 686 694 746 in
711 685 909 768 presenciam
926 686 1076 764 evocatis,
1093 685 1345 768 examinatisque
1363 687 1506 767 parcium

242 790 376 871 juribus,
399 791 424 852 si
448 791 654 872 prescriptam
679 791 909 872 exequucionis
940 792 1054 852 seriem
1088 791 1230 853 indebite
1263 792 1505 854 interturbatam

243 895 339 959 fuisse
374 897 579 977 agnoveritis,
604 916 712 959 rursus
744 896 872 958 easdem
909 897 1126 980 possessiones
1162 898 1237 980 ipsis
1271 898 1507 979 exponentibus

242 1004 370 1065 restatui
396 1016 427 1064 et
452 1002 582 1065 eosdem
608 1003 639 1064 in
665 1002 846 1067 dominium
882 1002 1059 1064 earundem
1092 1003 1294 1065 introducere
1328 1017 1505 1066 ac'contra

242 1109 345 1171 dictos
380 1107 579 1191 Stephanum
614 1108 761 1191 Deshazy
798 1127 834 1171 ac
868 1108 1034 1170 dominam
1084 1109 1320 1190 Margaretham
1351 1108 1506 1188 relictam,

242 1235 368 1277 socrum
393 1227 424 1275 et
447 1219 575 1275 Annam
600 1227 780 1275 consortem
812 1213 959 1275 eiusdem
981 1227 1012 1275 et
1034 1214 1116 1275 alios
1147 1215 1278 1296 quosvis
1306 1214 1506 1296 illegittimos

240 1323 430 1398 turbatores,
444 1321 476 1381 in
501 1320 622 1382 eisdem
647 1320 728 1381 tucri
752 1334 783 1384 et
807 1316 980 1382 defendere
1004 1319 1109 1382 modis
1133 1321 1284 1381 omnibus
1308 1320 1450 1382 debeatis
1474 1333 1505 1381 et

242 1426 414 1488 teneamini
440 1426 627 1488 auctoritate
652 1441 759 1487 nostra
783 1425 875 1488 vobis
907 1426 1108 1507 presentibus
1139 1427 1289 1488 attributa
1320 1440 1351 1487 et
1382 1425 1505 1505 justicia

243 1533 414 1594 mediante.
439 1532 537 1594 Secus
560 1552 626 1594 non
649 1531 773 1595 facturi.
799 1533 1003 1594 presentibus
1038 1532 1197 1615 perlectis,
1222 1531 1384 1594 exhibenti
1416 1533 1504 1594 resti·

239 1640 325 1701 tutis.
350 1639 467 1700 Datum
494 1640 623 1701 Posonii
649 1639 725 1701 feria
750 1653 861 1721 quarta
887 1639 1051 1701 Cinerum.
1069 1644 1165 1699 Anno
1189 1638 1313 1699 domini
1331 1638 1505 1699 millesimo

240 1744 500 1827 quingentesimo
524 1745 681 1827 vigesimo
705 1760 830 1826 quarto.

345 1885 481 1950 Originale
502 1885 527 1935 in
547 1886 644 1936 charta.
666 1884 693 1936 ln
714 1886 831 1950 margine
845 1884 963 1935 inferiori
985 1884 1143 1948 inpressum
1163 1889 1203 1934 est
1223 1884 1347 1948 sigillum.
1363 1887 1389 1934 ln
1405 1885 1504 1936 archiv.

240 1975 312 2026 inclit
341 1976 438 2026 decad.
458 1975 550 2025 scient.
572 1972 673 2025 Slavor.
695 1974 785 2025 merid.

832 2254 908 2320 191.

345 2413 419 2464 1524.
440 2413 481 2463 26.
502 2411 634 2462 februarii.
654 2408 811 2474 Zagrabiae.

238 2542 370 2599 Michael
400 2541 434 2597 de
457 2519 619 2613 S'citarjcvo
644 2538 743 2613 J'udex
776 2540 912 2597 nobilrirm
946 2560 1041 2598 coram
1064 2540 1207 2617 johanne
1234 2542 1384 2615 Torquato
1414 2544 1498 2615 bano,

235 2649 417 2705 statult'onem
441 2645 625 2707 possessionis
649 2644 809 2701 Petrourira
832 2645 949 2705 civitati
968 2647 1072 2704 montis
1101 2645 1261 2720 Grecensis,
1279 2649 1340 2720 illm
1365 2649 1499 2708 airscientc

657 2749 783 2824 factam,
806 2751 924 2808 a'rrr'tam
946 2752 1084 2812 declarat.

339 2893 406 2955 Nos
431 2892 593 2954 Johannes
618 2889 815 2972 Torquatus,
840 2911 947 2954 comes
981 2892 1142 2954 Corbauie
1166 2912 1202 2953 ac
1227 2912 1400 2973 regnorum
1425 2895 1500 2956 Dal·

236 3000 349 3078 macie,
374 2998 509 3061 Croacie
534 3012 565 3059 et
590 2997 762 3059 Sclauonie
786 2999 897 3060 banus.
932 2998 1086 3061 Memorie
1121 2997 1397 3078 commendamus,
1422 3020 1502 3081 quo-

236 3107 335 3169 modo
359 3104 506 3187 egregius
522 3103 659 3165 Michael
677 3103 717 3165 de
735 3102 913 3185 Schytario,
930 3104 1009 3165 alias
1027 3103 1121 3166 iudex
1146 3103 1305 3165 nobilium
1331 3106 1501 3169 comitatus

236 3212 461 3294 zagrabiensis,
487 3230 594 3272 coram
616 3211 710 3272 nobis
735 3211 945 3292 personaliter
968 3211 1169 3287 constitutus,
1202 3208 1366 3271 confessus
1390 3226 1435 3273 est
1459 3232 1498 3273 eo

236 3319 351 3381 modo:
377 3317 463 3398 quod
490 3331 585 3398 prout
612 3316 701 3376 idem
717 3316 919 3397 percepisset,
938 3316 1054 3377 nobilis
1080 3315 1216 3377 Michael
1244 3313 1500 3400 Gwrgekowych

236 3426 436 3505 viccsgerens
469 3442 555 3499 suus,
580 3422 719 3484 nescitur
752 3441 815 3502 qua
842 3422 970 3483 racione
996 3421 1104 3499 fretus,
1129 3420 1292 3501 quandam
1318 3419 1501 3501 fassionem,

235 3530 373 3600 qualiter
396 3527 545 3588 videlicet
570 3527 601 3588 in
626 3527 819 3588 execucione
844 3526 1010 3588 cuiusdam
1042 3527 1230 3587 statucionis
1253 3526 1285 3587 in
1320 3525 1403 3588 facto
1429 3547 1501 3609 pos-

235 3635 385 3696 sessionis
415 3632 626 3714 Pethrowyna
651 3632 683 3692 in
721 3632 865 3714 predicto
901 3633 1054 3693 comitatu
1092 3632 1289 3712 zagrabiensi
1327 3633 1500 3712 existentis,

235 3741 354 3818 habite,
378 3760 436 3821 pro
461 3753 548 3820 parte
573 3738 690 3799 civium
717 3738 852 3799 civitatis
884 3738 1164 3818 Montisgrecensis
1189 3736 1281 3815 facta,
1306 3757 1379 3798 cum
1412 3739 1501 3819 regio

234 3861 264 3909 et
288 3845 417 3927 capituli
443 3843 658 3924 zagrabiensis
681 3842 867 3903 hominibus
891 3843 1095 3920 ambulasset,
1123 3857 1227 3924 preter
1251 3843 1364 3904 scitum
1390 3857 1420 3905 et
1444 3864 1500 3906 vo-

233 3951 390 4014 luntatem
414 3949 488 4011 dicti
508 3948 673 4009 Michaelis
697 3947 737 4009 de
748 3947 926 4029 Schytario,
937 3947 1060 4008 domini
1075 3948 1194 4009 scilicet
1204 3948 1250 4009 sui
1261 3967 1369 4009 coram
1383 3948 1498 4010 eodem

234 4057 376 4141 capitulo
401 4055 535 4131 fecisset,
560 4073 632 4115 cum
657 4067 763 4114 tamen
788 4052 971 4114 huiusmodi
997 4054 1197 4114 execucionis
1221 4052 1316 4114 fassio
1348 4073 1411 4114 non
1444 4074 1501 4137 per

233 4162 391 4247 prefatum
417 4160 606 4223 Michaelem
632 4158 887 4242 Gwrgelrowych
913 4159 996 4221 vices
1019 4175 1194 4240 gerentem,
1210 4159 1265 4220 sed
1290 4159 1499 4239 personaliter

234 4270 417 4352 peripsum
444 4265 634 4327 Michaelem
658 4264 698 4325 de
736 4264 903 4348 Schytario
940 4265 1079 4326 iudicem
1112 4264 1270 4326 nobilium
1306 4264 1347 4325 ita
1382 4278 1499 4342 tamen,

233 4374 257 4433 si
282 4373 361 4455 quid
385 4372 425 4433 ad
449 4371 588 4434 eundem
613 4371 644 4432 in
670 4391 706 4432 ea
729 4391 762 4432 re
787 4370 989 4453 pertinuisset
1012 4390 1119 4432 coram
1153 4370 1238 4431 dicto
1263 4369 1404 4452 capitulo
1429 4368 1496 4431 fieri

234 4477 404 4540 debuisset.
430 4479 469 4539 Et
492 4478 568 4560 quia
591 4476 732 4559 prelatus
756 4475 893 4539 Michael
917 4477 957 4538 de
975 4476 1141 4558 Schytnrio
1166 4476 1205 4538 ad
1223 4495 1293 4538 earn
1311 4475 1497 4537 huiusmodi

232 4585 459 4648 execucionem
482 4602 518 4644 ac
541 4581 714 4645 fassionem
738 4582 852 4644 exinde
864 4581 1004 4644 fiendam
1028 4581 1161 4643 minime
1178 4581 1401 4659 consensisset,
1419 4580 1493 4642 ideo

235 4683 332 4751 fassio
357 4689 433 4752 dicti
471 4687 637 4751 Michaelis
671 4688 897 4770 viceagerentis
925 4688 975 4749 sui
1010 4688 1042 4750 in
1067 4708 1103 4749 ea
1127 4708 1160 4750 re
1189 4687 1270 4749 facta
1302 4687 1424 4749 nullius
1452 4685 1497 4746 vi·

239 4791 321 4855 ”nis
344 4794 507 4871 existerem
531 4795 617 4856 unde
640 4791 781 4877 prelatus
805 4792 943 4856 Michael
965 4792 1005 4854 de
1022 4791 1199 4874 Scbyatrio,
1216 4790 1311 4856 iudex
1327 4790 1497 4868 nobilium,
