3472 5242
280 311 320 370 66
718 314 792 371 Dec.
813 307 865 389 64.
884 345 925 355 —
950 314 1004 374 An.
1023 310 1115 388 1508.

383 538 506 601 Diebus
523 552 629 600 autem
648 539 818 601 dominicis
837 539 887 600 vel
905 538 1025 601 festivis
1041 542 1290 621 occurrentibus,
1307 543 1430 606 dicetur
1445 544 1542 606 missa

278 643 317 705 de
342 644 503 707 dominica
527 646 578 707 vel
602 645 684 708 festo
708 647 897 725 occurrenti,
917 646 1057 709 secunda
1080 667 1173 710 vero:
1191 647 1408 731 Omnipotens
1423 650 1541 733 sempi-

277 763 365 812 terne
390 750 488 831 Deus,
505 751 560 833 qui
584 751 732 813 vivorum
757 752 932 814 dominaris
955 753 1051 814 simul
1076 767 1107 814 et
1124 767 1342 831 mortuorum3
1359 755 1473 818 tercia:
1491 755 1540 818 De

277 857 398 918 cunctis
421 877 480 920 nos
503 877 678 939 quesumus
702 857 840 920 Domine
865 859 982 920 mentis
1006 872 1037 919 et
1060 859 1203 941 corporis
1225 858 1362 922 defende
1378 860 1540 944 periculis.

381 997 516 1062 originale
545 996 570 1048 in
598 997 695 1048 charta.
724 997 751 1046 lu
781 998 877 1051 archiv.
898 1013 955 1049 ven.
977 997 1061 1061 Capit.
1081 1000 1187 1063 aagrah.
1215 1000 1271 1052 Act.
1298 1000 1383 1065 Capit.
1402 1004 1454 1054 aut.
1473 1001 1539 1055 fasc.

279 1087 335 1138 101.
355 1100 393 1137 nr.
415 1087 454 1138 10.

878 1333 942 1399 64.

381 1473 455 1525 hano
478 1472 552 1537 1508,
575 1475 613 1525 19.
631 1470 705 1537 junii.
723 1472 821 1525 Budae.

280 1601 486 1660 communitate
507 1602 632 1659 cr'vitatis
648 1609 793 1675 precante,
820 1602 984 1659 Vladislnns
1006 1601 1183 1675 Hungariae
1205 1609 1252 1663 etc.
1268 1621 1332 1679 rex,
1355 1603 1486 1674 concedo,
1505 1613 1541 1663 ui

275 1709 386 1766 octavis
406 1708 477 1780 festi
497 1708 734 1781 Epiphaniorum
757 1708 883 1765 Domini
906 1726 1003 1764 coram
1034 1707 1116 1764 banis
1143 1708 1244 1764 iterum
1260 1708 1406 1783 jndicmm
1420 1710 1485 1784 fiat
1503 1710 1538 1768 de

271 1812 442 1894 Kraljeoec,
473 1813 558 1888 Cerje
581 1820 631 1871 etc.
654 1813 884 1888 possessionibus,
916 1810 1077 1887 dequibus
1106 1803 1292 1870 commonitos
1323 1815 1448 1873 cianeetis
1474 1834 1536 1873 curn

783 1920 907 1992 capitulo
929 1920 1032 1992 litiget.

376 2057 576 2119 Wladislaus
599 2057 651 2118 dei
674 2057 780 2138 gracia
804 2077 856 2118 rex
882 2057 1048 2139 Hungarie
1070 2071 1101 2118 et
1120 2058 1275 2120 Bohemie
1292 2072 1351 2121 etc.
1370 2057 1536 2121 Fidelibus

270 2164 386 2226 nostris
410 2163 550 2245 capitulo
576 2162 707 2224 ecclesie
731 2161 950 2244 (chasmensis)
973 2163 1109 2226 salutern
1127 2177 1157 2224 et
1176 2164 1327 2244 graciam.
1345 2163 1534 2246 Expositum

270 2269 372 2332 extitit
396 2268 552 2330 Maiestati
577 2281 683 2329 nostre
708 2268 739 2328 in
765 2268 909 2349 personis
932 2268 1077 2330 fidelium
1094 2283 1276 2331 nostrorum
1293 2269 1487 2352 prudentum
1505 2281 1536 2331 et

269 2375 572 2456 circumspectorum
594 2372 708 2453 judicis
731 2386 762 2434 et
785 2372 973 2454 juratorum,
990 2354 1234 2455 ceterorumque
1259 2375 1378 2436 civium
1400 2387 1431 2436 et
1446 2393 1534 2436 com-

269 2480 434 2542 munitatis
457 2479 592 2540 civitatis
616 2492 721 2540 nostre
749 2479 964 2560 zagrabiensis
988 2481 1106 2541 montis
1123 2478 1301 2558 Grecensis,
1318 2479 1455 2560 qualiter
1473 2478 1534 2561 ipsi

268 2586 347 2647 alias
370 2585 559 2648 honorabile
583 2584 758 2666 capitulum
788 2585 919 2646 ecclesie
945 2585 1159 2667 zagrabiensis
1183 2585 1311 2647 racione
1336 2598 1366 2646 et
1388 2596 1533 2667 pretextu

267 2691 408 2753 indebite
441 2690 666 2775 occupacionis
697 2703 728 2751 et
759 2690 958 2755 detencionis
982 2690 1195 2772 quarumdam
1218 2691 1459 2772 possessionum
1482 2690 1530 2772 ip·

267 2816 375 2859 sorum
400 2796 635 2878 exponencium
661 2796 859 2878 Kralyevvcz,
880 2796 1014 2879 Czerye,
1032 2797 1192 2878 Kobylya,
1216 2797 1370 2879 Zwyblya
1387 2810 1418 2859 et
1433 2795 1533 2858 Narth

266 2918 461 2979 vocatarum,
482 2902 616 2964 omnino
638 2902 669 2963 in
692 2903 845 2963 comitatu
862 2903 1059 2984 zagrabiensi
1075 2901 1266 2981 habitarum,
1283 2903 1316 2963 in
1333 2902 1531 2984 presenciam

266 3010 341 3071 bani
365 3009 453 3090 regni
479 3008 577 3069 nostri
596 3006 766 3068 Sclauonie
790 3008 956 3069 traxissent
980 3009 1010 3069 in
1035 3028 1173 3086 causam,
1195 3008 1239 3090 (in
1264 3028 1327 3090 qua
1350 3008 1409 3090 ipsi
1427 3006 1533 3088 judex,

264 3115 370 3198 jurati)
394 3116 479 3176 cives
503 3128 533 3175 et
556 3113 784 3176 inhabitatores
808 3115 906 3196 ipsius
930 3115 1064 3175 civitatis
1092 3128 1197 3175 nostre
1223 3114 1341 3176 montis
1363 3112 1532 3174 Grecensis

264 3242 301 3283 ex
334 3242 384 3300 e0,
408 3221 496 3302 quod
529 3234 612 3281 certa
636 3219 704 3300 jura
732 3233 763 3281 et
789 3221 967 3302 privilegia,
993 3220 1159 3300 littereque
1185 3234 1215 3281 er
1239 3219 1388 3281 litteralia
1415 3220 1530 3280 instru-

264 3342 372 3390 menta
396 3326 584 3387 eorumdem
608 3323 727 3386 lactum
751 3326 996 3407 prescriptorum
1014 3326 1235 3407 possesionum
1254 3344 1352 3406 quam
1370 3337 1529 3386 certorum

265 3433 402 3494 aliorum
427 3431 545 3513 jurium
563 3431 705 3512 ipsorum
727 3431 1050 3512 posscssionariorum
1067 3431 1235 3511 tangencia
1253 3445 1283 3492 et
1300 3430 1529 3491 concernencia

263 3553 417 3620 ternpore,
445 3557 511 3618 quo
537 3536 668 3597 illustris
692 3535 829 3597 condam
854 3536 979 3597 Vlricus
1003 3556 1110 3597 comes
1134 3536 1217 3597 Cilie
1243 3536 1402 3598 civitatem
1427 3536 1528 3617 ipsam

263 3656 487 3726 expugnasset,
516 3662 572 3724 per
602 3641 777 3702 Alemanos
808 3655 990 3720 vastatores,
1022 3642 1180 3719 distracta,
1202 3642 1306 3702 ablata
1331 3656 1362 3702 et
1386 3643 1425 3702 ab
1450 3640 1524 3722 ipsis

262 3750 399 3811 alienata
423 3748 567 3828 fuissent,
585 3767 642 3808 nec
666 3746 850 3808 habuissent
870 3748 987 3828 quibus
1003 3769 1035 3807 se
1053 3761 1084 3808 et
1100 3767 1227 3808 causam
1244 3767 1334 3808 suam
1352 3745 1524 3808 defendere

261 3856 440 3939 potuissent
463 3868 572 3916 contra
596 3852 735 3935 prefatos
759 3852 958 3935 capitulares,
983 3853 1240 3928 succubuissent;
1274 3866 1304 3913 et
1328 3851 1442 3913 exinde
1466 3850 1526 3933 ipsi

262 3961 452 4044 capitulares
477 3973 576 4022 certas
599 3960 718 4021 litteras
744 3958 1001 4036 adiudicatorias,
1026 3959 1280 4020 sentencionales
1307 3959 1339 4018 in
1364 3957 1527 4040 presencia

262 4067 335 4128 bani
361 4068 450 4147 regni
476 4066 647 4127 Sclauonie
679 4079 788 4125 contra
813 4064 898 4145 ipsos
922 4078 1117 4145 exponentes
1142 4077 1365 4145 reportassent,
1391 4082 1527 4143 quarum

259 4173 423 4253 vigoribus
447 4172 548 4233 iidem
573 4172 604 4232 in
627 4170 807 4232 dominium
824 4170 1069 4251 prescriptarum
1088 4170 1328 4251 possessionum
1345 4189 1412 4229 sese
1431 4169 1528 4229 intro·

258 4278 331 4339 duci
356 4292 386 4340 et
410 4278 538 4339 easdem
561 4277 620 4338 sibi
640 4277 714 4358 ipsis
731 4275 824 4336 statui
842 4274 945 4336 facere
962 4289 1193 4358 procurassent,
1211 4296 1290 4356 quas
1307 4294 1408 4356 usque
1426 4273 1524 4335 modo

256 4398 401 4446 tenerent
436 4398 466 4445 et
502 4397 725 4444 conservarent
760 4381 791 4441 in
828 4382 1006 4442 eorundem
1042 4381 1276 4463 exponencium
1311 4379 1525 4463 preiudicium

257 4504 353 4571 atque
378 4489 543 4550 damnum.
569 4488 653 4549 Cum
678 4500 784 4548 tamen
807 4487 832 4546 si
857 4484 968 4568 prefati
988 4500 1183 4567 exponentes
1201 4499 1345 4568 tempore
1363 4504 1524 4568 expugna-

258 4596 360 4657 cionis
393 4596 475 4656 dicte
511 4593 646 4655 civitatis
680 4606 785 4653 nostre
811 4592 931 4653 litteras
955 4605 986 4652 et
1009 4592 1177 4674 privilegia
1203 4592 1345 4674 ipsorum
1370 4611 1436 4652 non
1460 4608 1528 4651 arn·

257 4701 425 4779 misissent,
449 4714 479 4762 et
510 4714 655 4781 tempore
687 4697 939 4778 adjudicacionis
972 4717 1065 4759 cnuse
1099 4696 1283 4758 huiusmodi
1316 4717 1369 4758 eas
1396 4695 1527 4757 insede

256 4807 362 4868 banali
397 4807 575 4889 producere
607 4819 637 4867 et
671 4804 821 4867 exhibere
853 4806 1041 4886 potuissent,
1066 4815 1244 4887 sperassent
1273 4823 1305 4863 se
1338 4816 1369 4863 et
1397 4819 1525 4863 causam
