3472 5242
247 331 308 410 328
664 331 750 389 Add:
773 333 850 392 Anu.
878 328 971 408 1484.
996 343 1087 406 1500.

245 559 345 622 libere
370 559 535 640 castigare,
559 578 677 641 penare
709 571 740 619 et
764 557 936 620 emendare
967 558 1149 621 secundum
1178 579 1290 621 eorum
1322 561 1449 643 culpam
1482 576 1513 623 et

246 666 401 727 demerita
448 665 575 726 valeant
616 678 711 745 atque
750 664 883 745 possint,
915 664 1140 745 cuiusquidem
1174 667 1310 728 emende
1345 687 1401 728 seu
1432 687 1514 749 pene

247 772 326 833 duas
350 784 454 853 partes
476 770 614 831 habeant
650 768 791 852 prefatus
823 770 975 831 dominus
1011 772 1110 832 abbas
1146 785 1200 832 aut
1234 792 1431 834 successores
1453 773 1513 852 sui,

246 877 376 938 terciam
400 896 476 937 vero
500 890 622 957 partem
647 876 801 957 percipiat
824 875 910 936 idem
935 875 1030 955 judex
1056 877 1186 958 capituli
1211 877 1371 959 prelibati.
1390 880 1514 940 Memo-

247 983 304 1044 rati
329 983 429 1044 eciam
455 982 539 1042 cives
563 982 662 1063 ipsius
687 981 912 1042 dominipetri
938 982 1062 1043 abbatis
1086 983 1117 1042 in
1142 983 1226 1044 dicta
1248 984 1403 1065 Zagrabia
1427 1004 1514 1046 corn·

248 1103 420 1166 morantes,
441 1088 488 1149 illi
513 1088 687 1164 dumtaxat,
713 1087 768 1168 qui
792 1087 891 1148 modo
916 1087 1113 1168 preallegato
1131 1089 1321 1170 prescriptas
1339 1108 1461 1151 merces
1474 1090 1514 1151 de

248 1195 361 1255 exteris
394 1193 580 1274 regionibus
614 1206 645 1253 et
679 1193 853 1273 provinciis
888 1192 927 1253 ad
959 1207 1063 1274 partes
1100 1193 1264 1256 deducunt
1299 1208 1329 1255 et
1367 1194 1515 1256 deferunt

248 1299 413 1380 Hungarie
438 1312 469 1361 et
494 1298 665 1360 Sclauonie
689 1318 725 1359 ac
749 1297 827 1358 alias
850 1299 1032 1380 provincias
1055 1312 1086 1360 et
1110 1320 1126 1360 e
1152 1319 1318 1379 converso,
1344 1301 1384 1362 de
1404 1301 1513 1362 huius-

235 1405 340 1466 ¹m0di
375 1406 471 1467 rebus
495 1419 526 1466 et
556 1404 716 1465 mercibus
747 1422 836 1465 more
865 1403 1074 1485 jobagionum
1107 1404 1245 1466 aliorum
1279 1406 1514 1487 regnicolarum

247 1512 404 1572 tributum
434 1530 490 1571 seu
525 1509 683 1571 telonium
708 1508 858 1591 predictis
893 1509 1034 1571 dominis
1068 1511 1208 1592 capitulo
1233 1531 1359 1594 semper
1390 1513 1514 1574 solvere

248 1617 386 1678 debeant
412 1630 442 1677 et
466 1629 651 1692 teneantur3
676 1616 771 1676 ceteri
796 1635 872 1675 vero
896 1616 981 1677 cives
1004 1616 1129 1677 domini
1160 1618 1284 1678 abbatis
1316 1618 1415 1699 ipsius
1452 1617 1514 1679 vici

247 1725 288 1784 ab
312 1723 400 1784 omni
426 1721 594 1783 solucione
619 1721 762 1782 eiusdem
787 1721 908 1798 tributi,
932 1737 1065 1804 excepto
1079 1722 1221 1803 quodam
1238 1723 1358 1784 tributo
1384 1723 1514 1806 Fylyar·

247 1828 366 1912 schyna
391 1827 563 1909 appellato,
589 1827 678 1909 quod
703 1829 743 1889 ab
778 1827 912 1908 antiquo
937 1841 968 1889 et
992 1827 1144 1889 hactenus
1176 1829 1339 1907 solverint,
1373 1831 1514 1911 exempti

249 1948 281 1996 et
303 1934 478 2015 supportati
503 1933 694 2011 habeantur,
727 1933 819 1994 salvo
836 1933 862 1993 si
879 1933 964 1994 cives
988 1933 1087 2015 ipsius
1103 1934 1227 1995 domini
1246 1935 1370 1996 abbatis
1387 1935 1514 1996 racione

248 2039 434 2101 huiusmodi
459 2039 635 2100 solucionis
658 2039 767 2100 tributi
794 2058 896 2119 usque
920 2054 1048 2100 octavas
1082 2039 1151 2100 festi
1177 2041 1259 2102 beati
1295 2042 1406 2103 Jacobi
1438 2059 1515 2123 apo-

248 2147 321 2207 stoli
348 2145 494 2228 proxime
509 2145 633 2205 venturi
660 2144 708 2205 vel
728 2145 758 2204 in
784 2143 905 2204 eisdem
930 2146 1051 2206 octavis
1068 2165 1140 2206 cum
1159 2146 1299 2207 dominis
1315 2147 1457 2229 capitulo
1475 2145 1516 2208 de

249 2253 315 2328 jure
340 2272 408 2330 suo,
433 2252 456 2312 si
482 2252 570 2332 quod
595 2251 789 2333 pretendunt
824 2271 857 2312 se
882 2250 998 2313 habere
1033 2251 1073 2312 de
1098 2272 1162 2314 non
1199 2253 1355 2314 solvendo
1383 2254 1515 2339 tribum,

248 2359 433 2421 huiusmodi
449 2358 591 2440 expediri
606 2358 764 2419 valuerint
781 2371 811 2418 et
828 2357 859 2418 id
878 2355 1014 2418 faciendi
1032 2358 1164 2419 liberam
1179 2359 1317 2421 habeant
1331 2359 1514 2420 facultatem
1612 2416 1615 2422 .

251 2465 426 2527 terminum
452 2483 553 2544 usque
578 2463 801 2544 prescriptum,
826 2462 967 2543 denique
988 2477 1096 2524 tamen
1115 2464 1154 2525 ad
1180 2464 1281 2545 ipsam
1314 2464 1514 2526 solucionem

248 2571 357 2633 tributi
383 2570 467 2630 cives
492 2569 566 2629 dicti
593 2568 716 2629 domini
741 2569 865 2629 abbatis
889 2569 943 2629 lite
967 2568 1153 2631 huiusmodi
1170 2570 1330 2652 pendente
1353 2572 1416 2633 sint
1433 2571 1515 2644 obli·

248 2677 324 2757 gati.
349 2675 398 2735 Ad
424 2694 487 2755 que
511 2675 620 2735 omnia
645 2675 797 2755 premissa
821 2687 852 2735 et
875 2675 1104 2755 premissorum
1128 2676 1254 2757 singula
1279 2676 1392 2737 eedem
1409 2691 1514 2758 partes

249 2802 282 2843 se
306 2782 490 2862 obligarunt
514 2793 545 2840 et
569 2780 798 2860 inscripserunt
821 2780 968 2841 similiter
991 2801 1099 2842 coram
1124 2783 1218 2843 nobis
1242 2784 1351 2864 vigore
1376 2796 1406 2843 et
1429 2783 1515 2844 testi·

251 2888 362 2949 monio
398 2887 598 2968 presencium
634 2886 806 2948 mediante.
844 2887 1009 2948 Presentes
1042 2888 1157 2968 sigillis
1192 2890 1395 2970 egregiorum
1429 2889 1512 2951 Petri

251 2992 402 3075 Bochlray
425 2992 465 3053 de
490 2991 816 3075 Razynakereszthwr
839 3006 870 3054 et
894 2993 1034 3055 Ladislai
1065 2993 1137 3055 Roh
1170 2995 1208 3055 de
1242 2994 1354 3074 Dethe,
1390 2997 1515 3058 viceba·

250 3118 365 3160 norum
390 3112 421 3160 et
444 3101 598 3161 comitum
616 3114 798 3161 nostrorum
815 3100 1012 3162 crisiensium
1036 3100 1170 3163 lecimus
1187 3104 1378 3185 consignari.
1397 3104 1514 3165 Datum

251 3205 406 3286 Zagrabie
431 3206 582 3288 predicta.

356 3346 476 3397 Coaevus
497 3351 641 3411 conceptus
661 3347 687 3397 in
706 3347 804 3410 charta,
826 3346 852 3396 in
868 3345 965 3397 archiv.
985 3347 1109 3395 venerab.
1130 3345 1238 3409 capituli
1258 3348 1363 3411 zagrab.
1376 3347 1433 3399 llct.
1448 3347 1511 3410 Cap.

253 3439 304 3487 ant.
328 3435 390 3486 laec.
414 3437 453 3487 17.
473 3450 511 3487 nr.
532 3437 574 3486 80.

357 3908 433 3957 Anno
456 3905 531 3956 1300.
552 3905 576 3956 6.
595 3903 667 3955 mail.
686 3903 784 3957 Budae.
833 3955 836 3962 λ

263 4053 442 4109 Wladr'slaus
464 4052 567 4124 Hung.
591 4057 640 4112 etc.
666 4069 721 4108 rex
732 4053 921 4124 possessiones
930 4053 1108 4129 Jakopovec,
1125 4073 1148 4114 s.
1166 4054 1308 4130 Kelemcn,
1340 4054 1508 4130 Ceperlinec,

251 4154 437 4216 Imbrt'honec
457 4164 486 4213 et
506 4155 671 4231 Svinulam,
696 4175 770 4230 quas
801 4158 957 4229 capitulum
988 4160 1105 4233 zagrab.
1136 4179 1156 4217 a
1186 4168 1326 4219 matrona
1358 4161 1451 4219 Lucia
1483 4162 1517 4220 de

504 4260 605 4320 Zemle
628 4261 703 4319 dono
725 4264 839 4337 accepit,
865 4263 951 4321 eidem
974 4262 1101 4338 capitulo
1123 4266 1283 4340 confimat.

905 4401 1065 4453 commissio
1085 4404 1194 4467 propria
1214 4403 1312 4455 donini
1327 4405 1407 4470 regis.

357 4489 424 4550 Nos
448 4489 647 4551 Wladislaus
664 4488 716 4550 dei
738 4491 845 4571 gracia
876 4510 930 4552 rex
961 4491 1137 4573 Hungarie,
1172 4492 1328 4555 Bohemie
1365 4507 1423 4556 etc.
1448 4494 1515 4555 Me·

251 4595 353 4656 morie
377 4595 643 4658 commendamus
666 4607 776 4659 tenore
800 4598 1002 4680 presencium
1019 4597 1233 4680 significantes
1250 4599 1367 4681 quibus
1385 4599 1515 4682 expedit

251 4700 417 4764 universis.
443 4700 541 4775 Quod
564 4721 623 4783 pro
647 4715 736 4784 parte
760 4714 792 4764 et
807 4703 838 4764 in
860 4704 1006 4785 personis
1032 4702 1177 4766 fidelium
1205 4720 1388 4767 nostrorum
1411 4704 1515 4767 hono·

251 4806 360 4868 rabilis
384 4807 514 4890 capituli
537 4807 671 4870 ecclesie
694 4807 910 4890 zagrabiensis
927 4808 1066 4871 exhibite
1083 4822 1157 4872 sunt
1180 4809 1274 4873 uobis
1289 4824 1321 4872 et
1337 4821 1515 4894 presentare
