3472 5242
234 346 291 427 198

646 349 719 408 Doc.
743 346 813 409 162.
838 382 877 391 —
904 349 961 409 An.
985 360 1071 424 1519.

229 574 392 636 extradere
417 588 447 635 et
470 574 634 636 restituere
668 587 872 650 recusassent,
910 588 1153 656 recusarentque
1192 576 1293 637 eciam
1328 579 1426 639 modo
1460 579 1491 639 in

169 658 176 670 ’
230 680 444 762 preiudicium
459 695 489 743 et
507 682 674 759 damnum,
692 681 875 762 juriumque
890 681 1085 762 derogamen
1109 681 1185 743 dicti
1198 682 1321 744 domini
1346 703 1493 746 reveren·

231 787 352 849 dissimi
377 802 408 848 et
433 788 564 849 ecclesie
591 808 645 848 sue
670 787 810 870 predicte
835 786 1049 849 manifestum.
1076 787 1171 849 Unde
1195 788 1220 849 si
1245 810 1281 849 ex
1306 790 1361 851 tali
1387 790 1494 851 minus

231 894 312 955 iusta
336 907 367 954 et
391 893 533 955 indebita
558 894 776 974 abnegacione
802 893 957 954 dictarum
982 893 1146 954 literarum
1179 908 1209 953 et
1240 894 1413 956 literalium
1446 897 1492 956 in-

230 1011 481 1060 strumentorum
503 998 645 1079 aliquam
669 999 902 1060 alienacionem
935 999 1095 1059 bonorum
1128 1001 1451 1080 possessionariorum
1476 1021 1494 1063 a

231 1104 315 1166 dicta
339 1104 473 1166 ecclesia
497 1118 528 1166 et
544 1104 622 1166 alias
646 1103 835 1167 confusione
849 1104 899 1165 vel
917 1104 1133 1186 occupacione
1152 1119 1319 1184 metarum,
1334 1107 1495 1188 signanter

231 1224 337 1272 autem
363 1209 394 1271 in
420 1210 593 1290 provinciis
617 1210 804 1271 dombrensi
829 1222 860 1270 et
884 1210 1032 1292 lwanych
1057 1211 1271 1290 existentium,
1295 1231 1353 1294 pro
1377 1213 1495 1293 quibus

231 1337 316 1378 nunc
340 1316 404 1378 litis
428 1317 560 1378 materia
592 1318 722 1378 suborta
753 1314 835 1378 foret
865 1318 992 1378 evenire
1025 1317 1204 1398 contigerit,
1237 1318 1269 1378 id
1301 1337 1367 1379 non
1401 1319 1494 1400 culpa

231 1423 297 1484 sive
322 1422 523 1503 negligencia
549 1423 647 1504 ipsius
670 1422 794 1483 domini
823 1423 1090 1500 reverendissimi,
1115 1423 1170 1484 sed
1199 1423 1358 1485 dictorum
1392 1424 1494 1485 domi-

232 1547 347 1590 norum
372 1527 502 1609 capituli
524 1529 748 1608 zagrabiensis‚
772 1541 925 1609 tanquam
954 1529 1009 1608 qui
1033 1529 1093 1589 sibi
1125 1529 1225 1590 dictas
1242 1529 1348 1590 literas
1372 1544 1402 1590 et
1426 1529 1494 1590 lite-

233 1635 310 1697 ralia
335 1635 544 1695 instrumenta
569 1654 630 1714 que
655 1634 821 1716 presertim
845 1654 929 1695 nunc
961 1634 1106 1695 venirent
1145 1634 1324 1696 exhibenda
1357 1636 1431 1696 dare
1466 1648 1495 1697 et

232 1740 395 1801 restituere
419 1753 576 1819 recusant,
593 1741 706 1802 ascribi
732 1741 858 1823 poterit.
885 1741 988 1822 Super
1005 1741 1124 1821 quibus
1147 1742 1298 1802 omnibus
1315 1755 1346 1802 et
1362 1742 1496 1822 singulis

232 1846 393 1928 premissis
418 1846 503 1907 idem
529 1845 679 1907 dominus
703 1846 987 1909 reverendissimus
1018 1846 1114 1927 peciit
1137 1847 1197 1906 sibi
1222 1867 1239 1907 a
1263 1847 1357 1907 nobis
1390 1847 1497 1908 literas

234 1952 300 2013 dari
325 1952 617 2034 protestacionales,
642 1971 721 2033 quas
744 1971 803 2013 uos
827 1952 932 2014 eidem
956 1966 987 2012 et
1003 1952 1135 2013 ecclesie
1152 1972 1207 2012 sue
1238 1952 1408 2033 prescripte
1425 1953 1496 2033 lege

232 2057 322 2138 regni
346 2057 527 2136 requirente
552 2069 582 2118 et
605 2058 770 2118 communi
794 2057 916 2139 justicia
941 2056 1091 2118 svadente
1121 2057 1240 2136 jurium
1264 2077 1395 2118 suorum
1420 2059 1496 2118 ube-

233 2165 351 2226 riorem
374 2163 415 2223 ad
439 2161 597 2223 cautelam
621 2162 771 2224 duximus
794 2162 1025 2224 concedendas.
1054 2163 1172 2223 Datum
1198 2161 1275 2224 feria
1300 2177 1385 2224 sexta
1408 2163 1497 2223 vide-

233 2270 307 2332 licet
331 2269 363 2329 in
388 2267 468 2330 festo
493 2269 660 2329 beatorum
686 2268 827 2329 Simonis
851 2283 882 2329 et
905 2268 986 2329 Jude
1003 2270 1233 2359 apostolorum.
1259 2273 1354 2329 Anno
1373 2269 1496 2330 domini

235 2374 408 2436 millesimo
433 2374 693 2455 quingentesimo
717 2374 844 2436 decimo
871 2395 970 2436 nono.

341 2514 477 2580 originale
498 2514 524 2564 in
544 2514 643 2578 charta,
663 2529 678 2564 a
696 2518 774 2578 tergo
794 2514 937 2579 vestigium
956 2514 1047 2580 sigilli.
1066 2515 1093 2565 ln
1114 2515 1203 2567 archiv
1216 2530 1275 2568 ven.
1291 2515 1377 2579 Capit.
1391 2516 1498 2579 zagrab.

234 2604 290 2655 Act.
311 2604 372 2673 Cap.
393 2607 445 2655 ant.
465 2603 529 2654 fasc.
549 2603 591 2654 95.
612 2617 650 2654 nr.
672 2603 711 2655 13.

826 2885 908 2950 162.

341 3045 414 3096 Anno
435 3045 511 3096 1519.
533 3043 573 3095 st.
595 3043 721 3095 octobris.
741 3041 896 3108 Zagrabiae.

243 3174 345 3231 Coram
368 3174 493 3246 capitum
515 3172 633 3245 aagmb.
665 3171 816 3248 Georgius,
835 3172 923 3245 prior
943 3172 1005 3230 ord.
1031 3171 1266 3227 Praedicatorum
1290 3170 1420 3244 aagrab,
1456 3188 1499 3226 re·

316 3287 400 3337 cusat
419 3279 453 3335 de
476 3277 625 3350 eripienda
649 3279 817 3334 mortasterii
832 3279 1016 3350 possessione,
1038 3295 1112 3350 quae
1135 3285 1259 3334 vocatur
1281 3275 1415 3348 Stupnik.

327 3419 393 3478 Nos
417 3416 591 3498 capitulum
628 3416 758 3477 ecclesie
791 3417 1014 3496 zagrabiensis.
1049 3415 1204 3476 Memoris
1236 3415 1501 3476 commendamus

237 3542 293 3604 per
316 3535 487 3604 presentes,
512 3521 600 3600 quod
636 3521 804 3601 religiosus
828 3520 923 3582 irater
947 3520 1106 3601 Georgius
1130 3520 1169 3582 de
1196 3521 1395 3600 Posegawar,
1412 3519 1501 3600 prior

238 3628 365 3689 claustri
390 3627 488 3688 sancti
513 3626 650 3704 Nicolai,
666 3627 821 3707 Zagrabie
845 3626 979 3705 fundati,
1005 3629 1036 3687 in
1060 3646 1116 3687 sua
1140 3647 1175 3688 ac
1199 3627 1302 3688 tocius
1326 3640 1503 3687 conventus

238 3748 268 3794 et
292 3732 413 3793 ordinis
437 3730 570 3793 fratrum
592 3731 831 3793 Predicatorum
857 3734 888 3793 in
913 3733 1027 3794 eodem
1053 3733 1190 3793 claustro
1216 3733 1406 3813 degencium
1431 3752 1500 3812 per·

239 3839 335 3915 sonis,
372 3851 512 3898 nostram
546 3838 754 3918 personaliter
789 3838 921 3899 veniens
957 3840 989 3899 in
1022 3838 1230 3919 presenciam,
1262 3838 1500 3899 serenissimum

239 3944 417 4024 principem
441 3955 472 4003 et
496 3942 676 4014 dominum,
700 3941 869 4003 dominum
895 3943 1096 4004 Lodouicum
1132 3944 1182 4004 dei
1206 3945 1311 4024 gracia
1337 3943 1502 4023 Hungarie

240 4062 270 4109 et
296 4048 448 4110 Bohemie
473 4062 531 4109 etc.
556 4067 675 4128 regem,
699 4047 868 4112 dominum
899 4063 1043 4111 nostrum
1067 4049 1337 4130 graciosissimum
1361 4069 1378 4109 a
1403 4048 1502 4109 dona-

241 4154 344 4231 cione‚
368 4153 544 4214 collacione
562 4166 593 4213 et
617 4172 790 4213 consensus
813 4152 1026 4232 adhibicione,
1043 4155 1119 4216 item
1133 4154 1433 4215 reverendissimum
1445 4153 1502 4213 do-

242 4260 365 4319 minum
391 4259 559 4318 dominum
586 4257 748 4319 Thomam
773 4258 983 4320 miseracione
1007 4260 1115 4320 divina
1145 4259 1339 4320 cardinalem
1356 4273 1385 4319 et
1402 4258 1503 4320 archi-

242 4364 426 4445 episcopum
452 4364 696 4445 strigoniensem
720 4385 755 4426 ac
780 4365 953 4445 apostolice
971 4365 1054 4426 sedis
1072 4365 1254 4445 delegatum
1272 4366 1311 4426 de
1329 4366 1426 4425 latere
1444 4378 1503 4426 etc.

241 4489 276 4529 ac
307 4488 496 4549 generosam
528 4470 693 4530 dominam
726 4470 958 4550 Margaretham
993 4471 1135 4531 relictam
1171 4470 1308 4531 condam
1342 4468 1504 4550 magnifici

242 4572 396 4634 lobannis
419 4573 533 4656 Banffy
557 4573 596 4635 de
623 4574 831 4657 Alsolyndwa
856 4589 886 4634 et
919 4574 999 4635 alios
1030 4574 1192 4655 quoslibet
1223 4575 1362 4635 cuiusvis
1394 4588 1504 4651 status,

241 4677 440 4739 condicionis
463 4692 494 4739 et
516 4679 751 4761 preeminencie
775 4677 922 4740 homines
946 4680 985 4740 ab
1010 4681 1235 4760 occupacione,
1259 4679 1449 4740 detencione
1474 4691 1505 4740 et

250 4783 488 4844 onservacioue
512 4783 749 4864 possessionum
773 4783 938 4864 utriusque
963 4783 1142 4866 Zthwpnyk
1165 4784 1197 4844 in
1218 4784 1372 4846 comitatu
1397 4803 1507 4865 zagra·
