3472 5242
233 306 273 368 86
666 307 740 365 Doc.
766 300 819 366 80.
845 338 884 347 —
908 304 968 366 An.
993 317 1078 379 1510.
1180 371 1183 377 ¹

233 410 1402 420 ———-—-——-—.—--——-—-———-—-——.
1446 412 1492 418 -.-

233 546 264 595 et
295 531 524 594 commetaneis
555 530 731 592 eorundem
761 529 892 612 capituli
917 543 948 592 et
971 530 1106 592 civitatis
1131 530 1162 591 in
1186 531 1282 593 simul
1307 534 1500 612 convocatis,

235 639 378 722 partibus
402 638 498 699 etiarn
522 637 673 719 predictis
693 637 744 697 vel
761 656 871 697 earum
887 635 1053 718 legitti-mis
1072 637 1332 718 procuratoribus
1347 641 1501 720 presenti·

234 746 303 823 bus,
335 757 466 826 accepto
498 744 594 805 etiam
627 761 722 824 super
751 742 914 824 premissis
943 742 1128 805 testimonio
1156 743 1284 804 testium
1313 764 1369 826 per
1396 759 1501 827 partes

234 864 427 934 prenotatas,
451 869 560 911 coram
583 848 675 911 vobis
699 848 982 930 producendorum
1007 849 1066 910 sub
1090 846 1153 910 tide
1175 868 1287 910 eorum
1304 849 1365 911 deo
1383 850 1501 929 debita,
1561 835 1562 838 Ἴ

233 955 451 1038 fidelitateque
476 955 570 1017 nobis
593 966 624 1014 et
643 972 729 1014 sacre
753 972 871 1015 corone
888 966 994 1015 nostre
1011 954 1221 1033 observanda,
1237 967 1321 1016 tacto
1340 955 1500 1017 dominice

234 1063 336 1124 crucis
351 1062 444 1143 signo
460 1059 641 1143 prestanda,
664 1078 807 1121 seorsum
829 1071 860 1120 et
884 1059 1071 1141 singillatim
1089 1059 1289 1141 investigare,
1307 1080 1371 1122 non
1393 1075 1500 1123 curata

233 1168 381 1229 absencia
405 1166 535 1229 alterius
557 1165 656 1247 partis
674 1165 725 1226 vel
753 1165 849 1225 etiam
866 1165 962 1226 unius
978 1184 1016 1225 ex
1033 1165 1135 1244 vobis,
1151 1179 1216 1226 tam
1234 1165 1273 1227 de
1291 1164 1351 1227 fori
1367 1167 1501 1248 predicti

234 1273 332 1334 veteri
357 1291 451 1333 cursu
476 1284 507 1333 et
530 1271 614 1350 locu,
637 1290 736 1352 quam
756 1271 852 1332 etiarn
867 1270 1117 1353 prescriptorum
1133 1271 1271 1333 aliorum
1291 1273 1500 1354 negociorum

235 1392 267 1440 et
293 1378 486 1440 damnorum
511 1377 715 1439 illacionibus
738 1396 773 1438 ac
798 1376 975 1438 eorundem
1000 1376 1227 1458 dependenciis
1250 1378 1365 1456 sciatis,
1395 1379 1502 1460 inqui·

237 1485 313 1546 ratis
345 1498 376 1546 et
407 1482 615 1566 experiamini
647 1481 776 1564 plenam
805 1495 837 1544 et
860 1482 1082 1543 omnimodam
1104 1482 1302 1544 certitudinis
1325 1484 1502 1563 veritatem,

238 1610 335 1672 quam
352 1590 482 1653 tandem
501 1589 657 1650 Maiestati
675 1601 781 1664 nostre
797 1587 933 1648 fideliter
953 1601 984 1648 et
1004 1588 1173 1667 diligenter
1188 1589 1247 1650 sub
1264 1589 1377 1671 sigillis
1393 1591 1503 1651 vestris

239 1719 276 1759 ex
303 1697 415 1759 ordine
440 1695 634 1778 perscribere
658 1707 688 1755 et
703 1693 881 1774 significare
899 1713 935 1755 ac
952 1694 1094 1775 partibus
1110 1694 1186 1775 ipsis
1202 1693 1234 1754 in
1252 1693 1373 1755 eisdem
1391 1695 1503 1756 litteris

236 1804 348 1866 vestris
380 1821 487 1863 coram
512 1801 605 1862 nobis
628 1800 679 1861 vel
703 1800 941 1862 locumtenente
965 1812 1073 1860 nostro
1098 1814 1302 1881 comparente
1324 1801 1498 1863 terminum

237 1907 391 1993 prefigere
426 1907 533 1969 modis
568 1906 719 1968 omnibus
753 1905 896 1967 debeatis
926 1919 957 1967 et
987 1905 1159 1966 teneamini
1193 1920 1436 1986 congruentem,
1468 1920 1503 1969 ut

237 2016 384 2094 sciamus,
410 2014 635 2096 possimusque
658 2011 788 2074 tandem
813 2012 888 2072 visis
910 2025 940 2072 et
963 2011 1099 2091 cognitis
1123 2011 1284 2093 premissis
1302 2012 1383 2073 inter
1399 2026 1504 2094 partes

239 2122 323 2203 ipsas
355 2120 464 2182 omnia
492 2119 601 2180 debito
625 2117 725 2179 modo
750 2117 893 2179 revidere
917 2131 948 2178 et
971 2117 1145 2198 unicuique
1168 2118 1311 2199 parcium
1335 2117 1384 2199 jus
1408 2139 1503 2180 suurn

242 2227 392 2288 tribuere.
409 2226 509 2287 Aliud
533 2225 621 2285 nulla
645 2224 768 2285 ratione
793 2222 916 2285 facturi.
934 2223 1137 2284 Presentibus
1161 2223 1317 2305 perlectis,
1339 2224 1500 2285 exhibenti

242 2331 404 2392 restitutis.
437 2331 553 2392 Datum
589 2330 619 2390 in
652 2349 723 2390 arce
755 2329 906 2390 Nitriensi
939 2329 971 2390 in
1004 2327 1084 2389 festo
1116 2329 1289 2390 nativitatis
1319 2330 1501 2391 beatissime

243 2437 343 2499 Marie
369 2436 511 2517 virginis.
535 2440 632 2496 Anno
655 2435 780 2496 domini
804 2435 977 2496 millesimo
1002 2434 1261 2516 quingentesimo
1285 2434 1422 2496 decimo.

613 2576 745 2638 Relacio
769 2575 931 2656 magnifici
955 2575 1079 2636 domini
1104 2574 1268 2637 Benedicti
1294 2574 1332 2635 de
1358 2575 1503 2658 Bathyan

676 2663 867 2726 thezaurarii
891 2663 977 2745 regie
1002 2663 1185 2725 Maiestatis.

347 2785 482 2851 originale
507 2786 533 2837 in
560 2786 657 2837 charta.
684 2786 711 2836 ln
730 2786 847 2850 margine
866 2786 940 2838 inter.
961 2786 1117 2850 impressum
1137 2785 1263 2850 sigillum.
1282 2785 1309 2835 ln
1328 2784 1425 2838 archiv.
1445 2799 1501 2835 ven⁴

244 2875 307 2939 Cap.
327 2876 434 2938 zagrah.
453 2874 510 2926 tlct
530 2875 593 2938 Cap.
613 2879 665 2925 ant.
685 2874 749 2924 fasc.
771 2875 809 2924 10.
830 2888 867 2926 nr.
888 2875 929 2924 71.

848 3137 913 3204 80.

346 3279 420 3330 Anno
443 3279 518 3344 1510,
532 3282 557 3331 8.
574 3278 744 3343 septembris.
764 3277 874 3330 Nitriae.

249 3387 423 3458 Vladislaus‚
438 3389 615 3461 Huagarae'ae
629 3397 678 3445 etc.
695 3406 758 3463 rex,
775 3386 897 3444 mandat
913 3385 1041 3442 onznibus
1056 3387 1195 3443 nobilibus
1206 3395 1235 3443 et
1247 3387 1398 3460 cujuslibet
1410 3396 1504 3445 status

240 3491 409 3563 hominibus,
432 3500 466 3550 ut
493 3495 523 3549 in
552 3511 649 3561 causa,
672 3511 748 3565 quae
778 3494 854 3548 inter
880 3492 1038 3565 capitulmn
1069 3500 1097 3549 et
1125 3493 1353 3549 communitatem
1381 3494 1508 3551 civitatis

580 3600 683 3676 agitur
703 3599 736 3654 de
752 3599 833 3672 fora,
858 3599 1002 3655 verissime
1024 3605 1169 3657 testentur.

928 3716 1086 3769 Commissio
1107 3717 1215 3780 propria
1234 3717 1333 3768 domini
1353 3719 1434 3782 regis.

349 3822 546 3884 Wladislaus
569 3821 620 3883 dei
645 3822 750 3901 gracia
774 3841 827 3882 rex
852 3822 1017 3903 Hungarie
1039 3837 1068 3883 et
1091 3822 1246 3884 Bohemie
1264 3836 1322 3885 etc.
1341 3824 1507 3887 Fidelibus

243 3928 359 3988 nostris
390 3927 545 3989 universis
578 3941 608 3988 et
638 3927 774 4007 singulis
797 3928 961 3989 nobilibus
985 3941 1016 3989 et
1039 3929 1169 3989 alterius
1193 3929 1332 3991 cuiusvis
1354 3943 1453 3991 status
1477 3944 1508 3993 et

244 4032 444 4094 condicionis
476 4032 662 4094 hominibus
694 4032 863 4093 comitatus
895 4033 1110 4113 zagrabiensis
1134 4035 1166 4094 in
1191 4034 1351 4097 vicinitate
1375 4036 1506 4117 capituli

245 4137 377 4197 ecclesie
395 4137 609 4219 zagrabiensis
633 4151 664 4198 et
680 4137 815 4198 civitatis
832 4151 937 4198 nostre
954 4139 1073 4200 montis
1090 4137 1258 4200 Grecensis
1280 4141 1416 4201 ubilibet
1432 4161 1507 4203 con-

244 4241 360 4302 stitutis
392 4255 423 4303 et
447 4243 720 4304 commorantibus
742 4243 877 4303 salutem
902 4257 932 4304 et
954 4244 1104 4325 graciam.
1130 4244 1208 4305 Orte
1232 4259 1306 4306 sunt
1330 4259 1413 4307 certe
1436 4247 1507 4308 lites

245 4357 276 4406 et
299 4345 482 4407 differencie
506 4361 537 4407 et
561 4348 675 4408 exinde
700 4348 805 4429 plures
830 4349 925 4410 etiam
953 4350 1068 4410 iniurie
1086 4363 1116 4411 et
1133 4349 1325 4412 damnorum
1343 4351 1508 4415 illaciones

245 4451 411 4511 subsecute
445 4452 526 4513 inter
556 4453 744 4515 honorabile
773 4455 949 4536 capitulum
973 4456 1105 4516 ecclesie
1130 4457 1344 4536 zagrabiensis
1369 4470 1400 4518 et
1423 4459 1509 4520 cives

246 4554 381 4615 civitatis
411 4557 509 4618 nostri
541 4559 660 4619 montis
694 4558 862 4621 Grecensis
893 4561 1021 4622 racione
1052 4574 1212 4622 certorum
1243 4563 1453 4643 negociorum
1478 4577 1509 4626 et

247 4657 411 4738 presertim
443 4674 587 4743 pretextu
617 4663 784 4726 cuiusdam
815 4662 887 4743 fori,
911 4665 999 4746 quod
1032 4666 1064 4727 in
1096 4666 1218 4728 theatro
1250 4668 1381 4749 capituli
1410 4670 1509 4751 ipsius

247 4764 460 4843 zagrabiensis
494 4769 534 4829 ab
571 4770 705 4850 antiquo
740 4770 892 4832 celebrari
928 4784 1114 4832 consvetum
1147 4769 1243 4833 fuisse
1275 4773 1400 4836 dicitur.
1433 4774 1507 4849 Que
