3472 5242
255 368 271 420 '2
695 363 772 422 Boc.
792 378 822 426 2.
846 397 883 406 -
912 361 969 426 An.
988 373 1077 438 1500.

252 603 283 651 et
306 589 437 651 cuilibet
460 602 600 651 vestrum
624 590 704 651 serie
730 591 930 671 presencium
954 589 1146 670 firmissime,
1172 604 1206 651 ut
1230 591 1348 652 amodo
1366 591 1517 654 derebus

252 709 282 758 et
307 697 400 758 bonis
423 695 669 776 dignitariorum
694 696 759 757 sive
784 696 1013 758 canonicorum
1030 696 1225 778 simplicium
1242 697 1311 758 sine
1327 710 1517 760 testamento

253 801 493 880 decedencium,
518 821 575 862 vos
599 801 690 863 nullo
713 814 806 883 pacto
840 802 1050 864 intromittere
1075 802 1227 880 debeatis,
1251 802 1306 863 sed
1330 802 1516 865 huiusmodi

253 907 432 971 libertatem
464 921 495 969 et
522 907 786 970 consvetudinem
819 921 891 969 ante
923 907 980 969 hec
1003 922 1158 990 tempora,
1182 921 1216 969 ut
1247 908 1373 987 dicitur,
1396 909 1518 971 illibate

253 1015 454 1076 observatam
483 1032 542 1095 pro
566 1013 686 1075 eisdem
716 1013 895 1096 dignitariis
919 1027 950 1075 et
973 1013 1203 1096 capitularibus
1226 1033 1351 1096 semper
1374 1028 1406 1077 et
1428 1016 1517 1077 omni

253 1135 398 1202 tempore
422 1120 591 1182 observare
615 1132 645 1180 et
669 1120 830 1181 observari
860 1121 961 1183 eciam
986 1118 1088 1181 lacere
1114 1119 1256 1182 debeatis
1279 1133 1310 1182 et
1332 1121 1517 1184 teneamini.

255 1226 353 1287 Secus
376 1245 442 1286 non
467 1224 590 1287 lecturi.
615 1226 818 1287 Presentibus
846 1226 1004 1308 perlectis,
1028 1225 1189 1288 exhibenti
1214 1226 1375 1288 restitutis.
1400 1227 1518 1289 Datum

255 1332 345 1393 Bude
370 1330 446 1393 leria
464 1331 575 1412 quinta
592 1332 736 1413 proxima
754 1344 826 1392 ante
844 1330 959 1393 festum
976 1331 1060 1393 beati
1080 1330 1240 1392 Valentini
1256 1332 1404 1395 martiris.
1420 1335 1517 1394 Anno

255 1437 379 1499 domini
405 1436 579 1499 millesimo
605 1437 873 1518 quingentesimo,

362 1576 498 1642 Originale
519 1577 543 1627 in
563 1577 661 1640 charta,
673 1577 698 1627 ln
717 1577 835 1643 margine
855 1575 974 1629 inferiori
995 1577 1151 1641 impressum
1171 1581 1212 1628 est
1231 1576 1357 1643 sigillum.
1369 1575 1396 1627 ln
1416 1577 1513 1628 archiv.

255 1680 314 1718 ven.
335 1665 418 1729 Capit.
438 1666 544 1729 zagrah.
564 1665 619 1715 Act.
641 1664 704 1728 Cap.
724 1669 775 1715 ant.
796 1664 859 1717 fasc.
880 1665 921 1718 83.
941 1679 979 1718 nr.
998 1666 1040 1714 46.

872 1946 906 2010 2.

364 2137 438 2184 Anno
460 2130 536 2194 1500,
556 2131 580 2183 5.
599 2130 701 2194 aprilis.
720 2130 747 2180 ln
768 2130 880 2181 castello
900 2129 1090 2194 Glogovnicae.

258 2262 394 2321 Andreae
409 2255 555 2332 Alphonsi
580 2256 672 2330 Thus,
693 2256 892 2330 regrediensis
913 2264 942 2313 et
958 2257 1184 2330 glogovnicetrsis
1206 2259 1336 2315 ecclesiae
1351 2261 1520 2334 praepositi,

231 2342 235 2347 ⁴
697 2363 841 2436 dispositio
863 2364 1085 2422 testanuniorio.

365 2504 398 2567 ln
424 2504 554 2565 nomine
579 2500 714 2562 domini.
730 2504 847 2562 Amen.
864 2505 959 2562 Anno
984 2501 1156 2563 nativitatis
1180 2502 1323 2564 eiusdem
1348 2503 1521 2566 millesimo

260 2609 529 2694 quingentesimo,
546 2606 725 2667 indiccione
751 2606 857 2685 tercia,
875 2606 926 2668 die
943 2626 1019 2669 vero
1036 2606 1123 2685 solis,
1140 2607 1250 2688 quinta
1268 2608 1386 2669 mensis
1402 2609 1522 2691 aprilis,

259 2718 337 2780 hora
380 2715 549 2777 terciarum
589 2704 640 2773 vel
680 2711 780 2792 quasi,
814 2712 846 2772 in
883 2711 1013 2773 castello
1047 2713 1246 2794 prepositure
1280 2712 1521 2794 Golgoczensis‚

259 2822 462 2908 pontificatus
492 2832 598 2880 autem
621 2815 818 2879 ’sanctissimi
850 2818 883 2878 in
915 2816 1043 2880 Christo
1071 2818 1169 2899 patris
1200 2831 1230 2878 et
1263 2818 1387 2880 domini
1411 2820 1522 2898 nostri,

260 2928 383 2993 domini
407 2924 591 3001 Alexandri,
616 2922 725 2984 divina
748 2922 954 3004 providencia
978 2942 1060 3004 pape
1083 2923 1172 3001 sexti,
1197 2942 1282 2984 anno
1314 2924 1462 3006 septimo.
1487 2924 1520 2987 ln

261 3037 324 3100 mei
348 3032 463 3095 notarii
487 3029 608 3112 publici
632 3028 811 3110 subscripti,
833 3028 1027 3109 testiumque
1051 3027 1324 3110 infrascriptorum
1348 3031 1521 3111 presencia,

261 3141 451 3205 constitutus
480 3134 690 3218 personaliter
713 3134 905 3195 venerabilis
936 3149 966 3196 et
990 3133 1178 3215 magnificus
1202 3134 1353 3196 dominus
1378 3135 1523 3197 Andreas

261 3246 414 3311 Allonsus
435 3244 508 3304 Tua
532 3242 572 3302 de
590 3242 667 3318 Lak,
683 3240 897 3321 zagrabiensis
922 3252 953 3301 et
974 3240 1197 3322 golgoczensis
1220 3240 1426 3301 ecclesiarum
1452 3260 1522 3323 pre-

261 3354 384 3437 positus
414 3362 473 3411 etc.
497 3347 571 3408 licet
601 3365 734 3427 corpore
766 3364 850 3424 eger,
875 3359 981 3406 mente
1012 3358 1206 3427 tamennper
1238 3346 1347 3407 omnia
1372 3366 1467 3407 sanus
1491 3360 1522 3407 et

263 3458 398 3521 racionis
422 3472 565 3534 compos,
590 3450 820 3511 commendans
843 3470 876 3511 se
893 3449 1106 3531 omnipotenti
1124 3450 1185 3510 deo
1203 3464 1233 3511 et
1248 3450 1389 3530 gloriose
1406 3451 1522 3533 virgini

263 3565 374 3641 Marie,
396 3558 541 3642 genitrici
566 3556 721 3632 eiusdem,
744 3576 779 3617 ac
804 3556 954 3617 omnibus
982 3557 1107 3633 sanctis,
1132 3555 1332 3617 considerato
1359 3569 1389 3617 et
1413 3556 1522 3618 animo

262 3670 408 3732 revoluto
432 3665 527 3726 huius
550 3662 655 3723 labilis
679 3662 741 3721 vite
766 3660 886 3722 incerto
911 3674 941 3720 et
963 3661 1128 3741 inopinato
1153 3679 1257 3738 cursu,
1279 3660 1318 3721 de
1343 3660 1436 3722 bonis
1459 3660 1523 3721 suis

260 3772 492 3856 temporalibus
526 3768 585 3829 sibi
622 3766 775 3828 divinitus
810 3765 943 3843 collatis,
975 3765 1151 3825 deliberato
1187 3765 1296 3827 animo
1331 3765 1393 3827 tale
1428 3785 1522 3827 suum

262 3881 423 3953 ultimum,
448 3887 689 3952 extremumque
722 3885 752 3932 et
784 3872 991 3932 irrevocabile
1015 3871 1159 3931 condidit
1183 3884 1419 3933 testamentum.
1444 3873 1521 3932 ltem

263 3987 378 4068 primo,
405 3981 490 4061 regia
516 3979 664 4039 Maiestas
696 3978 858 4057 obligatur
890 3977 948 4038 sibi
974 3976 1113 4038 florenos
1137 3989 1298 4037 trecentos
1321 3977 1359 4036 de
1387 3977 1523 4058 pecunia

263 4113 279 4152 a
304 4087 441 4152 condam
472 4085 606 4146 domino
631 4084 860 4165 wesprimiensi
896 4097 1021 4164 recepta
1045 4097 1075 4144 et
1099 4083 1204 4144 eidem
1229 4083 1363 4144 domino
1387 4083 1523 4144 Allonso

262 4196 413 4276 obligata,
431 4211 468 4253 ex
493 4191 609 4271 quibus
626 4189 782 4250 Maiestati
807 4209 863 4250 sue
884 4189 1036 4250 relaxavit
1052 4189 1191 4251 florenos
1208 4204 1350 4264 centum3
1369 4188 1523 4249 ducentos

262 4315 369 4363 autem
403 4298 541 4358 florenos
573 4295 717 4356 eiusdem
748 4295 882 4377 pecunie
915 4295 1033 4376 legavit
1057 4315 1211 4375 generose
1237 4295 1367 4356 domine
1392 4293 1522 4376 Sophie,

262 4407 363 4469 sorori
396 4403 515 4464 scilicet
546 4422 602 4462 sue
635 4402 768 4462 uterine.
793 4401 869 4462 ltem
902 4401 1007 4461 eidem
1040 4401 1156 4482 legavit
1179 4401 1311 4462 totalem
1337 4400 1522 4481 porcionem

262 4532 352 4574 suam
376 4509 468 4571 castri
493 4507 595 4569 Peech
627 4507 713 4585 dicti,
740 4507 772 4568 in
805 4506 962 4568 Kladussa
993 4507 1104 4585 habiti,
1134 4526 1204 4567 curn
1231 4506 1435 4587 pertinenciis
1458 4505 1524 4566 suis

264 4617 428 4694 universis,
446 4634 502 4696 per
518 4614 653 4674 eandem
671 4613 835 4674 dominam
854 4612 1019 4694 Sophiam,
1037 4612 1234 4693 heredesque
1251 4631 1325 4672 suos
1341 4611 1438 4693 pleno
1456 4609 1523 4690 jure

262 4721 499 4804 possidendam.
518 4720 594 4781 ltem
619 4720 724 4781 eidem
748 4720 866 4800 legavit
891 4721 1031 4800 kuppam
1054 4739 1151 4780 unam
1168 4718 1323 4779 maiorem
1340 4729 1523 4796 argenteam

262 4827 457 4889 deauratam.
475 4827 551 4888 ltem
576 4825 842 4888 reverendissimo
866 4825 1000 4885 domino
1025 4825 1176 4906 episcopo
1193 4822 1390 4905 zagrabiensi
1407 4821 1524 4904 legavit
