3472 5242
239 331 303 391 280
553 331 769 390 Kalemlarium
792 332 853 391 eccl.
878 329 997 403 zagrab.
1024 332 1080 389 An.
1106 341 1190 404 1511.

259 560 376 618 Aureus

250 684 386 723 numcrus

249 769 344 830 xllll.
372 788 394 850 g
484 769 535 829 lx.
560 766 631 829 Cal.
653 786 691 848 23
719 767 791 827 Lini
816 786 897 848 pape
922 781 953 827 et
976 767 1133 850 martyris.

294 875 343 936 ΙΙΙ.
364 877 392 933 Λ
455 874 532 934 Vlll.
558 873 627 934 Cal.
651 892 692 952 24
722 872 859 933 Gerardi
878 876 1002 948 episcopi
1022 883 1051 932 et
1070 884 1156 936 marl.
1316 877 1390 939 Sall.

712 991 742 1038 et
769 976 931 1038 Elisabeth
968 977 1077 1038 matris
1113 977 1268 1040 Johannis

757 1083 902 1165 baptiste.

375 1191 394 1250 b
466 1190 532 1251 Vll.
557 1189 627 1253 Cal.
650 1209 687 1269 25
715 1187 861 1270 Cleophe
887 1188 1028 1269 virginis.

300 1297 353 1357 xl.
382 1317 398 1357 c
480 1296 531 1357 Vl.
557 1295 628 1356 Cal.
652 1297 691 1356 26
717 1294 839 1356 Justine
864 1308 894 1356 et
918 1294 1073 1376 Cypriani
1102 1309 1192 1359 mart.
1320 1300 1474 1358 Memoria.

372 1402 392 1461 d
493 1403 530 1462 V.
555 1401 627 1464 Cal.
650 1422 689 1484 27
721 1405 817 1462 Cosme
840 1411 869 1460 ct
888 1404 1038 1460 Damiani
1056 1411 1141 1463 mart.
1317 1401 1390 1464 Soll.

268 1508 351 1569 xlx.
379 1528 396 1567 e
470 1508 532 1568 1111.
557 1507 627 1569 Cal.
650 1508 689 1568 28
715 1506 881 1568 Venceslai
905 1506 995 1568 ducis
1019 1505 1185 1568 Bohemie.
1316 1509 1459 1583 Simplex.

271 1615 349 1675 Vlss.
386 1602 408 1674 f
484 1613 532 1674 lll.
558 1613 628 1676 cal.
650 1633 689 1694 21)
716 1616 869 1673 Michaelis
891 1615 1069 1688 archangeli.
1319 1614 1382 1673 Tot.
1404 1616 1468 1678 soll.

378 1716 397 1800 g
431 1719 535 1780 Pridie
560 1719 630 1781 Cal.
654 1741 693 1802 30
717 1722 890 1796 Hieronymi
893 1723 1048 1794 presbiteri
1060 1722 1184 1778 doctoris
1195 1728 1225 1779 et
1233 1739 1294 1777 con-

744 1824 855 1902 sessor.
1316 1829 1347 1884 T
1342 1836 1378 1888 ot.
1402 1829 1466 1888 soll.

505 2121 615 2172 Fructus
636 2124 728 2173 maturi
750 2123 910 2186 septembris
931 2129 991 2173 sunt
1010 2125 1116 2173 valituri

506 2212 538 2262 Et
558 2211 692 2275 piraeum
713 2211 783 2275 vino,
800 2210 876 2274 panis
896 2225 953 2261 cum
973 2209 1041 2262 lacte
1061 2211 1178 2274 caprino.

505 2304 582 2366 Aqua
602 2303 634 2350 de
655 2301 738 2350 urtica
757 2300 805 2349 tihi
825 2300 901 2363 potio
922 2301 1004 2350 fertur
1023 2300 1124 2350 amica..

504 2390 577 2441 Tunc
597 2403 689 2439 venam
709 2390 818 2452 pandas,
838 2389 943 2450 species
963 2402 1020 2438 cum
1041 2388 1141 2439 semiue
1161 2389 1275 2439 mandas.
