3472 5242
623 375 697 434 Doc.
715 388 763 446 20,
781 388 828 433 21.
845 407 888 416 -
911 374 966 433 An.
983 384 1072 450 1503.

216 478 460 486 -m-—n
465 480 657 486 ——-—=
666 480 867 486 ————·

814 600 877 666 20.

317 724 391 775 Anno
414 723 488 789 1503,
509 724 533 776 3.
550 723 626 789 junii.
645 722 743 773 Budae.

211 833 361 909 lohannes
389 833 539 903 Corvinus,
562 833 624 889 dux
641 840 670 889 et
690 832 790 902 banus,
807 840 1032 889 communitatem
1054 833 1179 890 ciuitatis
1200 835 1304 891 monos
1326 833 1477 894 Grecensis

213 938 390 998 uehementer
411 940 557 1012 vituperat
577 940 607 995 in
631 957 670 1013 eo,
694 939 773 1012 quod
786 938 892 1014 Jarun
920 945 949 996 et
970 935 1076 1012 Rosiae,
1099 939 1221 1011 caprioli
1240 938 1476 1011 possessionibus,

752 1045 809 1101 vim
832 1042 940 1105 intulit.

317 1164 550 1246 Circumspecti
583 1165 677 1226 nobis
702 1164 819 1227 dilecti.
843 1165 1072 1240 Querimonias
1103 1165 1338 1227 venerabilium
1372 1165 1475 1229 domi·

213 1289 327 1331 norum
360 1271 399 1330 de
429 1271 569 1352 capitulo
603 1270 735 1332 ecclesie
768 1271 983 1352 zagrabiensis
1011 1271 1201 1352 accepimus,
1226 1271 1393 1352 quomodo
1418 1290 1476 1335 vos

211 1396 277 1437 non
304 1389 413 1438 curato
438 1375 589 1438 mandato
614 1389 723 1437 nostro
747 1376 874 1458 pridem
896 1377 928 1438 in
953 1396 1078 1438 recessu
1094 1389 1204 1438 nostro
1221 1377 1261 1438 de
1277 1377 1332 1439 illa
1349 1378 1476 1441 civitate

214 1496 318 1544 nostra
343 1483 434 1544 vobis
459 1482 545 1561 datu,
570 1482 709 1563 quadam
733 1483 910 1545 temeritate
935 1483 1032 1561 ducti,
1049 1483 1198 1544 manibus
1221 1483 1350 1545 armatis
1374 1485 1475 1546 insur-

215 1589 373 1650 rexissetis
394 1603 425 1650 et
450 1609 549 1650 novas
575 1601 674 1650 metas
690 1589 877 1666 erexissetis,
891 1602 985 1670 prout
1002 1601 1103 1649 vestre
1120 1588 1291 1670 placuisset
1307 1589 1475 1671 voluntati,

212 1715 248 1755 ac
272 1695 434 1775 quendam
458 1695 665 1775 jobagionem
690 1714 762 1756 eum
786 1694 854 1756 filio
878 1714 936 1755 suo
961 1694 993 1755 in
1018 1694 1068 1755 via
1092 1693 1221 1776 publica
1237 1708 1268 1756 et
1285 1695 1384 1756 libera
1401 1715 1474 1757 eum

212 1820 306 1862 curru
331 1800 585 1882 proficiscentem
617 1800 685 1862 dire
709 1813 741 1862 et
764 1800 876 1861 acriter
907 1801 1131 1862 verberassetis
1159 1814 1191 1862 et
1214 1800 1475 1882 incarcerassetis‚

214 1906 326 1987 immo,
339 1906 426 1987 quod
449 1907 624 1988 pessimum
649 1926 715 1967 esse
740 1906 865 1984 dicitur,
879 1906 911 1967 in
935 1906 1190 1988 possessionibus
1213 1906 1354 1988 ipsorum
1372 1907 1475 1969 domi·

211 2032 325 2073 norum
341 2014 437 2073 larun
463 2026 493 2073 et
511 2012 618 2073 Rodes
635 2012 714 2074 duas
730 2013 845 2074 domos
860 2012 943 2093 ignis
959 2011 1110 2092 voragine
1128 2012 1289 2073 comburri
1306 2010 1474 2090 fecissetis3

213 2138 276 2199 que
308 2138 357 2179 res
392 2119 485 2179 nobis
516 2116 722 2179 vehementer
746 2117 918 2199 displicuit.
945 2117 1031 2179 Cum
1054 2131 1161 2178 tamen
1185 2129 1215 2178 et
1238 2137 1295 2179 vos
1319 2119 1378 2201 ipsi
1397 2139 1474 2201 pen-

211 2244 279 2285 sare
302 2225 447 2305 poteritis
470 2244 597 2306 penam,
623 2244 720 2305 quam
744 2223 931 2285 incendiarii
957 2222 1129 2284 domorum
1153 2222 1313 2285 incurrere
1337 2225 1475 2287 debeant

211 2343 242 2390 et
272 2330 435 2411 signanter
467 2331 547 2391 tales
579 2330 725 2410 querelas
758 2349 853 2408 nunc,
878 2329 955 2390 dum
988 2349 1060 2390 cum
1088 2329 1199 2389 ceteris
1224 2328 1364 2391 dominis
1388 2332 1473 2413 apud

211 2436 331 2515 regiam
364 2436 561 2496 Maiestatem
595 2455 715 2513 sumus,
740 2435 780 2496 ad
813 2426 871 2496 nos
901 2436 1026 2496 mittere
1062 2455 1127 2496 non
1160 2435 1367 2514 debuissetis;
1399 2438 1473 2501 ideo

210 2541 302 2601 vobis
333 2541 446 2603 harum
479 2542 558 2602 serie
592 2541 771 2603 firmissime
799 2542 1040 2621 committimus,
1064 2541 1153 2603 aliud
1176 2541 1292 2604 habere
1318 2543 1473 2624 nolentes,

211 2660 368 2727 quatenus
403 2648 509 2708 statim
533 2648 608 2708 visis
641 2648 842 2730 presentibus
865 2662 963 2709 terras
995 2662 1026 2710 et
1050 2647 1160 2710 fenilia
1184 2648 1342 2710 dictorum
1370 2650 1473 2712 domi·

210 2772 326 2814 norum
350 2773 406 2834 per
429 2773 485 2814 vos
510 2766 664 2834 occupata
689 2753 811 2815 eisdem
834 2754 994 2815 remittere
1012 2767 1043 2814 et
1061 2756 1100 2815 ab
1118 2755 1298 2817 erreccione
1315 2768 1473 2818 metarum

210 2858 424 2939 predictarum
441 2858 659 2940 supersedere,
676 2859 736 2920 nisi
755 2859 786 2920 in
803 2858 875 2938 hiis,
897 2879 959 2939 que
975 2859 1127 2921 hactenus
1143 2859 1328 2941 possedistis
1344 2860 1472 2943 pacifice

211 2983 338 3026 manere
361 2965 504 3026 debeatis
527 2978 557 3025 et
580 2965 766 3043 teneamini,
783 2985 824 3025 ne
848 2966 888 3025 de
912 2979 1017 3026 cetero
1031 2966 1125 3026 nobis
1141 2985 1199 3046 pro
1217 2965 1275 3027 hac
1292 2985 1325 3027 re
1341 2967 1472 3047 querele

210 3072 424 3152 porrigantur.
449 3072 516 3132 Nos
546 3085 653 3132 autem
678 3085 791 3150 cetera,
817 3072 894 3132 dum
926 3072 987 3132 deo
1019 3072 1114 3132 dante
1142 3072 1207 3132 illic
1232 3071 1473 3152 constituemur,

209 3176 289 3237 inter
313 3197 370 3238 vos
400 3192 430 3237 et
455 3177 540 3258 ipsos
571 3177 720 3239 dominos
744 3190 839 3259 prout
870 3191 900 3238 et
924 3178 1012 3258 prius
1036 3177 1128 3238 vobis
1163 3176 1311 3256 diximus,
1336 3178 1471 3241 revideri

211 3280 379 3358 faciemus,
404 3303 494 3344 secus
518 3284 614 3363 igitur
638 3303 702 3344 non
729 3282 850 3345 facturi.
876 3283 994 3344 Datum
1012 3282 1102 3344 Bude
1127 3284 1159 3344 in
1177 3282 1318 3364 profesto
1336 3283 1472 3347 Penthe-

209 3402 320 3449 costes.
346 3394 441 3450 Anno
466 3389 588 3450 domini
615 3389 788 3450 millesimo
815 3389 1074 3470 quingentesimo
1099 3389 1209 3450 tercio.

807 3493 968 3556 lohannes
991 3495 1165 3573 Coruinus,
1189 3494 1264 3573 dux,
1288 3497 1390 3558 banus
1413 3511 1472 3562 etc.

315 3617 349 3680 (Α
373 3619 470 3682 tergo).
487 3599 734 3682 Circumspectis
750 3599 858 3680 judici,
872 3600 991 3680 juratis,
1005 3600 1180 3681 ceterisque
1198 3599 1320 3663 civibus
1336 3603 1471 3667 civitatis

210 3720 315 3766 nostre
340 3707 458 3766 montis
483 3705 661 3784 Grecensis‚
686 3707 779 3768 nobis
803 3706 937 3768 dilectis.

320 3809 455 3874 Originale
475 3809 500 3861 in
520 3812 614 3861 charta.
636 3811 655 3861 Α
675 3817 751 3875 tergo
771 3810 912 3876 vestigium
932 3809 1020 3876 sigilli.
1042 3811 1068 3862 In
1089 3813 1157 3863 arch.
1178 3827 1237 3864 ven.
1257 3814 1342 3878 Capit.
1363 3818 1468 3882 zagrab.

208 3898 264 3950 Act.
285 3899 346 3962 Cap.
367 3906 418 3949 unt.
440 3900 502 3950 inse.
527 3901 555 3949 lo
576 3914 605 3949 nr
632 3900 673 3951 25.

817 4059 871 4123 21.

312 4196 386 4247 Anno
411 4199 484 4263 1503,
508 4201 545 4250 18.
563 4197 637 4262 junii.
656 4197 811 4262 Zagrabiae.

207 4308 339 4363 Andreas
367 4310 520 4366 corrronicus
549 4316 578 4366 et
599 4309 726 4365 orionus
748 4311 867 4382 episcopt
889 4311 1016 4379 sqqrob,
1032 4312 1172 4384 prarocln's
1193 4313 1360 4386 quibusdum
1381 4323 1468 4387 prae-

207 4414 282 4485 cipit,
305 4421 338 4468 ol
364 4415 489 4484 latratum
513 4434 531 4469 a
559 4413 703 4487 Gregorio
718 4415 849 4487 parocho
867 4417 1047 4488 graergeneusi
1059 4416 1284 4489 praebendariis
1305 4425 1471 4477 testamento

690 4524 844 4595 ascriptum
867 4524 996 4595 exigant.

313 4640 457 4701 Andreas
480 4641 612 4719 arcium,
633 4642 833 4704 decretorum
857 4656 888 4705 et
912 4663 998 4704 sacre
1022 4641 1184 4725 theologie
1214 4644 1336 4722 doctor,
1360 4657 1471 4707 cantor

208 4747 380 4807 canonicus
405 4762 434 4807 et
461 4748 594 4808 vicarius
619 4748 750 4809 ecclesie
774 4749 998 4829 zagrabiensis.
1024 4749 1282 4811 Discreeionibus
1306 4751 1417 4812 vestris
1437 4752 1469 4813 in

208 4853 321 4914 virtute
346 4853 491 4915 salutaris
515 4854 702 4916 obediencie
726 4869 757 4916 et
779 4854 838 4915 sub
867 4855 1212 4917 excommunicacionis
1235 4875 1315 4937 pena
1337 4855 1469 4918 firmiter
