3472 5242
233 341 297 404 234
645 322 720 388 Dee.
745 322 816 387 186.
839 360 882 371 -
907 327 964 388 An.
989 339 1077 402 1523.

232 550 353 611 dicium
378 551 537 612 eiusmodi
575 551 692 612 iurium
726 565 757 612 et
779 551 962 612 libertatum
996 553 1137 633 ipsorum
1171 550 1387 613 manifestum.
1417 553 1484 634 Sup

235 655 387 737 plicatum
416 655 512 736 igitur
536 655 637 716 extitit
661 656 817 717 Maiestati
843 670 950 718 nostre
982 676 1039 739 pro
1072 671 1163 738 parte
1195 656 1371 718 eorundem
1403 676 1485 738 expo

232 761 383 822 nencium
410 774 444 821 ut
467 760 639 843 superinde
663 775 845 842 opportune
876 762 956 843 ipsis·
984 761 1154 844 providere
1186 761 1401 842 dignaremur.
1432 763 1498 822 Nos

232 885 319 943 vem,
343 879 438 948 prout
461 885 499 926 ex
523 863 631 927 officio
656 865 730 926 iusti
747 865 900 948 principis
916 866 1081 944 debemus,
1099 866 1244 927 volentes
1260 864 1399 948 prelatos
1416 867 1501 928 cives

232 985 357 1033 nostros
380 985 411 1033 et
434 990 549 1032 eorum
574 970 752 1052 quemlibet
776 971 807 1032 in
832 972 897 1032 suis
920 971 1122 1033 libertatibus
1146 991 1344 1049 conservare,
1368 971 1499 1032 manda-

232 1095 303 1137 mus
326 1074 470 1138 fidelitati
494 1090 595 1138 vestre
620 1074 761 1154 firmiter,
791 1089 948 1157 quatenus
972 1075 1112 1158 prefatos
1129 1091 1326 1158 exponentes
1349 1076 1501 1158 deinceps

233 1197 342 1243 contra
368 1201 579 1264 quoscunque
605 1181 803 1263 illegittinros
827 1182 1036 1264 impetitores,
1054 1183 1109 1263 qui
1127 1183 1276 1245 videlicet
1292 1203 1347 1245 eos
1372 1183 1403 1243 in
1421 1183 1501 1244 locis

232 1287 424 1349 tributorum
442 1301 552 1349 contra
569 1287 755 1370 premissam
773 1288 954 1349 libertatem
980 1307 1092 1350 eorum
1110 1288 1314 1369 impedirent,
1338 1289 1501 1349 turbarent
1591 1310 1594 1316 ·

233 1407 264 1454 et
287 1394 493 1455 molestarent
517 1413 574 1475 per
598 1394 830 1474 occupaciones
855 1393 967 1467 eciam,
991 1394 1016 1454 si
1041 1412 1122 1475 opus
1148 1391 1255 1470 fuerit,
1272 1393 1499 1455 theloneorum

233 1499 359 1576 talium,
382 1499 476 1577 tueri,
500 1512 668 1580 protegere
692 1512 723 1559 et
746 1496 911 1559 defensare
936 1518 971 1559 ac
983 1512 1189 1560 manutenere
1204 1498 1347 1560 debeatis
1364 1513 1394 1560 et
1413 1513 1501 1561 tene-

233 1603 332 1665 amini
356 1617 462 1665 nostre
488 1602 661 1663 Maiestatis
683 1602 715 1664 in
740 1622 876 1684 persona
900 1617 931 1664 et
954 1603 1164 1665 aucthoritate
1189 1604 1388 1685 presentibus
1405 1604 1497 1665 vobis

234 1709 265 1769 in
292 1707 350 1770 hac
375 1722 462 1791 parte
488 1709 638 1770 attributa
663 1721 693 1770 et
717 1709 840 1770 iusticia
865 1709 1037 1771 mediante.
1062 1710 1161 1771 Secus
1185 1730 1248 1771 non
1274 1709 1396 1773 facturi.
1429 1710 1501 1770 Pre-

234 1815 376 1876 sentibus
399 1814 557 1896 perlectis,
581 1792 742 1885 exhibenti
767 1815 927 1877 restitutis.
962 1815 1080 1876 Datum
1105 1815 1195 1876 Bude
1229 1815 1260 1876 in
1294 1815 1375 1876 festo
1411 1817 1502 1877 beate

236 1920 338 1982 Marie
363 1920 566 2000 Magdalene.
592 1924 686 1980 Anno
711 1920 835 1982 domini
859 1920 1032 1982 millesimo
1056 1920 1314 2001 quingentesimo
1346 1920 1503 2001 vigesimo

234 2027 345 2090 tercio.

340 2131 476 2197 Originale
496 2129 522 2182 in
543 2127 691 2185 chartaln
711 2131 828 2195 margine
846 2129 966 2182 interiori
986 2130 1144 2195 impressum
1159 2135 1200 2182 est
1214 2131 1339 2196 sigillum.
1359 2129 1386 2181 ln
1401 2130 1503 2182 mehir.

238 2217 322 2272 inclit.
342 2221 441 2271 Accad.
460 2220 552 2271 scient.
573 2217 676 2270 Slavor
697 2218 789 2273 merid.

306 2499 324 2533 ⁶
828 2491 911 2566 1⁴86.

340 2643 413 2693 llnno
435 2642 511 2694 1523.
537 2641 579 2692 22.
597 2641 663 2706 julii.
685 2639 782 2691 Budae.

235 2769 398 2827 Ludouicus
435 2769 480 2830 Il.
505 2769 609 2848 Hung.
634 2777 682 2828 etc.
714 2787 777 2843 rex,
816 2765 957 2827 nobilibus
987 2770 1211 2843 possessienatis,
1247 2768 1414 2827 civitatibus
1447 2778 1496 2826 etc.

236 2882 321 2949 velat,
345 2894 381 2933 ne
403 2893 423 2931 a
447 2875 655 2933 mercatoribus
677 2875 798 2953 zagrab.
816 2883 876 2948 pro
897 2893 987 2932 merce
998 2876 1160 2948 portorium
1176 2877 1223 2932 uel
1236 2877 1370 2932 teloneum
1386 2877 1501 2949 exigere

807 2981 940 3042 audeant.

891 3100 1050 3151 commissio
1071 3101 1180 3164 propria
1199 3101 1296 3151 domini
1318 3101 1398 3165 regis.

343 3190 528 3252 Ludouicus
552 3191 602 3253 dei
628 3190 734 3272 gracia
759 3209 811 3250 rex
837 3189 1001 3270 Hungarie
1028 3204 1058 3250 et
1083 3189 1237 3251 bohemie
1261 3203 1320 3251 etc.
1338 3191 1504 3253 Fidelibus

237 3297 352 3357 nostris
377 3297 533 3358 universis
557 3312 587 3359 et
611 3297 748 3378 singulis
772 3296 913 3357 dominis
938 3295 1078 3378 prelatis,
1112 3296 1293 3373 comitibus,
1318 3296 1503 3375 baronibus,

237 3402 413 3480 nobilibus,
451 3403 641 3480 castellanis,
685 3402 936 3464 vicecastellanis
970 3415 1065 3483 atque
1099 3400 1276 3462 eorundem
1314 3400 1507 3463 officialibus

238 3509 354 3589 quovis
378 3509 509 3570 nomine
545 3524 744 3586 censeantur,
768 3528 826 3569 nec
860 3527 925 3568 non
958 3507 1150 3584 civitatibus,
1185 3507 1313 3588 oppidis
1349 3520 1379 3567 et
1411 3507 1508 3586 villis,

237 3612 398 3693 judicibus
422 3629 452 3674 et
475 3614 595 3694 juratis,
621 3614 695 3674 item
720 3613 994 3676 theloneatoribus
1010 3632 1046 3673 ac
1062 3631 1343 3694 quorumcumque
1360 3612 1505 3673 thelone-

238 3739 330 3780 orum
356 3735 386 3781 et
410 3721 603 3781 tributorum
629 3719 828 3780 exactoribus
861 3732 915 3779 aut
951 3738 1062 3779 eorum
1096 3719 1182 3779 vices
1216 3718 1410 3798 gerentibus,
1442 3732 1507 3778 tam

237 3824 357 3885 scilicet
381 3825 495 3885 nostris
520 3845 616 3906 quarn
642 3825 755 3886 alienis
779 3825 811 3885 in
838 3843 937 3905 regno
962 3837 1071 3884 nostro
1104 3823 1268 3904 Hungarie
1300 3838 1330 3884 et
1362 3824 1508 3904 partibus

239 3930 343 3991 eidem
368 3931 519 3991 subiectis
543 3931 648 3991 ubivis
681 3929 861 3990 constitutis
884 3944 915 3989 et
948 3929 1167 4006 existentibus,
1192 3942 1352 4010 presentes
1384 3930 1509 4007 visuris,

239 4036 376 4096 salutern
402 4049 432 4096 et
455 4036 607 4116 graciam.
626 4035 790 4107 Quoniam
808 4053 866 4094 nos
888 4034 1032 4095 volentes
1054 4035 1214 4095 civitatem
1232 4048 1374 4094 nostram
1391 4036 1510 4096 montis

243 4139 412 4201 Greccnsis
436 4142 475 4201 ab
501 4140 554 4200 illa
579 4139 784 4201 desolacione
809 4153 840 4200 et
864 4140 971 4220 inopia
996 4141 1027 4200 in
1053 4158 1149 4220 quam
1174 4139 1391 4220 superioribus
1418 4141 1511 4203 annis

240 4261 286 4308 est
309 4246 437 4308 redacta
462 4247 609 4324 relevari,
639 4260 738 4327 utque
763 4245 848 4306 cives
872 4259 902 4307 et
938 4247 1167 4307 inhabitatores
1199 4245 1342 4306 eiusdem
1375 4246 1511 4306 civitatis

240 4365 346 4413 nostre
368 4372 407 4414 eo
432 4351 556 4414 facilius
582 4353 701 4413 victum
726 4372 872 4433 querere,
896 4372 1097 4433 numeroque
1115 4367 1145 4413 et
1161 4352 1277 4433 opibus
1300 4352 1421 4432 augeri,
1440 4370 1510 4412 mu-

239 4477 357 4539 rosque
380 4459 515 4520 civitatis
538 4473 637 4540 atque
673 4458 735 4519 alia
760 4459 964 4520 munimenta
1001 4472 1074 4518 ante
1108 4457 1233 4537 aliquot
1256 4477 1358 4518 annos
1393 4459 1433 4518 ab
1464 4457 1510 4517 eis

241 4563 387 4625 inchoata
414 4584 471 4645 pro
496 4564 721 4626 commodiore
746 4562 934 4625 defensione
959 4563 1062 4624 tocius
1093 4562 1183 4643 regni
1215 4563 1314 4624 nostri
1339 4563 1511 4624 Sclauonie

240 4669 428 4732 continuare
452 4685 482 4732 et
506 4670 673 4732 absolvere
699 4669 834 4752 possint,
866 4669 1035 4751 privilegia
1053 4689 1069 4730 a
1088 4668 1170 4729 divis
1193 4669 1322 4749 regibus
1346 4669 1511 4749 Hungarie

240 4792 335 4857 super
358 4777 569 4862 exempcione
593 4775 769 4839 solucionis
793 4794 1075 4857 quorumcumque
1109 4774 1335 4836 theloneorum
1366 4793 1422 4835 seu
1456 4773 1510 4835 tri-
