3472 5242
232 334 295 396 260
630 310 841 407 necrologium.
869 367 905 374 -
932 332 1105 405 Epitaphia.

272 560 479 623 sacerdotalia
516 559 679 622 kalendini
714 560 744 621 b.
780 558 912 639 virginis
949 557 1154 618 dominorum
1202 557 1490 621 i'rebendariorum

274 667 540 747 zagrabiensium‚
565 679 648 726 retro
680 684 768 726 aram
799 663 954 725 maiorem
979 665 1009 725 in
1046 663 1143 724 choro
1179 663 1323 724 eiusdem
1359 665 1492 746 virginis

275 772 441 835 benedicte
466 772 497 832 in
523 770 656 832 ecclesia
680 769 852 832 cathedrali
878 789 901 830 s.
927 769 1009 848 regis
1027 768 1179 850 Stephani
1202 767 1343 847 iundate,
1368 783 1399 829 et
1415 769 1493 831 alias

275 877 522 938 reformaciones
545 877 635 957 jussit
658 874 725 936 fieri
750 877 781 936 in
815 875 930 935 balneo
963 872 1169 935 dominorum
1202 875 1491 936 Prehendariorum

275 983 540 1064 zagrabiensium.

337 1114 407 1165 Nota
426 1115 451 1165 in
471 1113 571 1164 Missaii
591 1114 654 1163 ecci.
674 1113 772 1178 aagrab
802 1111 828 1161 in
848 1112 970 1162 biblioth.
985 1112 1044 1162 ioci.
1064 1113 1161 1162 decad.
1176 1113 1271 1162 scient.
1285 1109 1389 1163 Siavor.
1403 1111 1494 1161 meriti.

340 1367 428 1423 Anno
453 1377 538 1442 1513.
565 1365 735 1438 Zagrabiae.

239 1514 326 1593 item,
351 1515 502 1577 dominus
527 1515 664 1577 condam
689 1514 844 1592 Andreas,
870 1512 1059 1574 cathedralis
1075 1511 1353 1595 (archidiaconusfl
1377 1512 1495 1592 legavit

157 1624 160 1628 ’
277 1620 346 1683 flor.
371 1620 500 1683 CCCC.
528 1622 559 1682 in
585 1640 663 1682 auro
688 1640 746 1701 pro
771 1620 865 1680 missa
891 1638 947 1700 per
964 1619 1114 1679 dominos
1138 1619 1333 1700 (canonicos)
1351 1619 1390 1679 ad
1407 1637 1493 1681 aram

276 1747 300 1788 s.
326 1727 519 1809 Hieronymi
545 1725 723 1788 ordinanda
748 1726 801 1803 ita,
825 1738 860 1786 ut
888 1738 990 1786 rector
1016 1724 1124 1785 aitaris
1153 1744 1232 1785 neve
1256 1723 1495 1805 prebendarius,

275 1833 419 1895 eandem
445 1832 592 1894 ordinate
616 1831 752 1913 singuiis
776 1830 868 1893 annis
892 1829 998 1891 dicere
1023 1830 1149 1891 debeat.

339 1971 453 2023 Rubrum
473 1973 628 2036 capitolare,
648 1975 676 2022 ut
696 1955 784 2035 supra.

336 2224 431 2279 Anno
454 2232 539 2296 1521.
563 2235 616 2296 29.
639 2223 718 2282 maii.
744 2221 920 2295 Zagrobiac.

241 2380 331 2439 ¹52¹·
356 2359 434 2423 feria
458 2373 569 2442 quarta
602 2360 633 2420 in
670 2358 811 2441 proiesto
847 2358 1049 2421 sacratissimi
1085 2359 1227 2440 corporis
1260 2358 1389 2422 Christi.
1427 2361 1497 2442 Ego

279 2466 429 2547 magister
452 2466 708 2543 Bartholomeus,
733 2484 846 2526 canon.
871 2465 947 2525 eccl.
972 2465 1098 2544 zagrab.
1124 2464 1225 2526 fateor
1261 2485 1312 2527 me
1342 2467 1497 2549 recepisse

280 2573 319 2632 ab
344 2571 567 2633 executoribus
592 2571 728 2632 condam
753 2570 894 2651 magistri
919 2570 1097 2631 Nicolaide
1116 2570 1242 2632 Zenche
1266 2592 1321 2633 seu
1347 2572 1385 2632 de
1403 2573 1498 2634 Was-

280 2677 488 2759 meyurythys
512 2690 570 2738 etc.
596 2676 754 2757 quosdam
779 2675 989 2757 quadraginta
1013 2676 1082 2738 flor.
1104 2677 1135 2737 in
1153 2690 1282 2738 moneta
1299 2677 1497 2759 hungaricaii

279 2803 380 2845 ares.
404 2782 530 2845 Nicolai
554 2802 611 2864 per
634 2782 738 2864 ipsum
764 2780 905 2861 fundate,
930 2781 1069 2863 legatos3
1087 2802 1168 2862 quos
1193 2783 1270 2845 dum
1288 2784 1429 2866 primum
1446 2804 1497 2868 me

280 2887 320 2950 de
344 2889 444 2949 domo
468 2887 566 2970 ipsius
590 2907 643 2949 are
666 2886 835 2949 transferre
859 2906 916 2948 seu
940 2888 1022 2948 mori
1060 2888 1240 2968 contigerit,
1273 2889 1404 2951 eosdem
1428 2890 1498 2953 XL.

281 2993 350 3055 flor.
374 2992 544 3075 disponere
568 3006 599 3055 et
623 2993 788 3054 restituere
813 2993 966 3075 promitto
990 3012 1046 3075 per
1070 3015 1102 3055 se
1128 3008 1182 3055 aut
1199 3009 1383 3057 executores
1399 3015 1500 3074 meos,

281 3111 312 3159 et
334 3098 395 3160 hoc
418 3099 458 3160 ad
484 3118 596 3160 manus
620 3098 751 3179 capituli
775 3098 871 3160 huius
894 3099 978 3160 aime
1004 3099 1136 3160 ecclesie
1160 3114 1219 3161 etc.
1253 3114 1373 3163 attento
1406 3115 1436 3164 et
1468 3103 1499 3163 in

282 3224 357 3265 casu
381 3224 445 3285 quo
469 3203 661 3265 hereditates
684 3204 808 3285 aliquas
841 3204 932 3264 sicuti
965 3203 1074 3265 senilia
1106 3219 1160 3266 aut
1192 3205 1415 3267 molendinum
1449 3227 1500 3268 me

282 3328 388 3373 emere
412 3309 592 3390 contigerit,
616 3308 704 3391 quod
728 3310 768 3371 de
785 3310 898 3370 eadem
914 3310 1050 3390 pecunia
1074 3323 1189 3371 extunc
1210 3311 1253 3389 id,
1273 3311 1313 3372 de
1336 3312 1500 3375 voluntate

282 3414 413 3495 capituli
437 3414 537 3496 ipsius
560 3427 591 3475 et
615 3433 680 3476 non
705 3414 797 3476 aliter
821 3413 923 3488 iacere
947 3416 1079 3497 possim.

343 3551 459 3603 Rubrum
478 3553 634 3618 capitulae,
655 3558 682 3604 ut
701 3567 791 3619 supra.

844 3763 898 3828 11.

864 3935 888 3977 1.

263 4043 467 4105 ANDREAS
493 4043 672 4106 lVANlCH
696 4045 796 4107 CAN.
822 4045 1134 4107 CATHEDRALIS
1168 4046 1480 4110 ZAGRABIENSiS

300 4148 467 4211 ARCIVM
493 4149 551 4210 ET
577 4150 686 4212 lVRIS
711 4149 910 4212 DOCTOR.
937 4151 1083 4211 PATER
1109 4152 1300 4212 PATRiAE
1325 4152 1446 4215 OLIM.

527 4253 644 4317 OBIIT
670 4254 793 4317 ΑΝΝΟ
819 4255 924 4318 MDX.
950 4256 1001 4318 ix.
1027 4257 1227 4318 IANVARil.

278 4359 531 4422 PANNONIAE
555 4361 727 4423 CAESAR
753 4361 845 4423 CVM
877 4360 1020 4423 BELLO
1052 4361 1291 4424 COEPERAT
1317 4364 1467 4426 ALBAM

264 4463 387 4526 MOLE
412 4465 491 4527 SVB
516 4465 606 4529 Hac
635 4467 833 4529 TEGITVR
859 4467 1042 4529 PEGASEI
1073 4466 1234 4529 FONTIS
1266 4470 1483 4531 ALVMNVS.

347 4604 427 4668 Lapis
446 4618 607 4658 marmoreus
627 4607 731 4671 positus
751 4608 814 4659 oiim
846 4613 906 4658 ante
925 4609 1024 4677 gradus
1053 4607 1078 4658 in
1097 4607 1185 4658 medio
1215 4609 1356 4659 sanctuarii
1386 4610 1411 4659 iu
1441 4609 1505 4659 ecci.

243 4691 358 4745 cathedr.
377 4691 397 4742 E
415 4689 489 4745 use.
503 4692 646 4758 Rapbaeiis
666 4691 825 4758 Levakovid,
838 4696 912 4747 vide:
932 4695 1041 4747 Fariatti
1061 4694 1123 4748 iiilr.
1142 4692 1216 4748 Sacr.
1235 4695 1308 4747 Tom.
1325 4697 1353 4749 V.
1368 4711 1428 4762 pag.
1443 4697 1504 4748 339.

243 4793 316 4852 flacc
335 4779 475 4844 inscriptio
495 4781 558 4834 mibi
577 4796 629 4834 nou
648 4783 741 4849 liquet
