3472 5242
654 289 729 349 Doc.
754 304 822 368 104.
846 323 887 332 -—
912 294 969 349 Aa.
995 301 1079 367 1513.

233 515 431 596 temporibus
454 516 552 577 libere
578 517 622 577 uti
648 530 679 578 et
701 516 840 597 gaudere
863 518 1045 599 permittere
1068 530 1098 579 et
1113 518 1253 599 permitti
1271 517 1374 579 lacere
1392 517 1495 578 velitis

234 633 265 682 et
288 621 441 699 debeatis,
458 642 515 683 nec
540 641 596 683 vos
620 623 659 684 ad
682 624 767 684 bona
788 636 818 683 et
837 643 886 684 res
910 622 1094 685 huiusmodi
1112 623 1250 685 intestati
1267 637 1297 686 et
1314 623 1497 685 decedentis

234 727 380 788 canonici
402 727 453 788 vel
474 728 603 789 alterius
623 728 762 789 cuiusvis
779 729 869 790 isthic
886 728 1015 809 majoris
1032 729 1195 810 dignitatis
1211 729 1372 790 existentis
1388 742 1498 790 contra

234 834 406 916 prescripta
431 834 499 914 jura
523 848 554 895 et
577 834 743 917 privilegia
768 834 850 897 dicte
874 835 1005 898 ecclesie
1027 834 1142 916 quovis
1164 849 1258 918 pacto
1279 836 1423 916 ingerere
1441 854 1497 895 seu

235 938 445 1001 intromittere
477 940 631 1019 audeatis,
655 940 710 1002 sed
742 940 928 1002 huiusmodi
960 941 1126 1023 privilegia
1158 955 1189 1002 et
1215 942 1392 1003 libertatem
1417 940 1498 1001 hanc

236 1057 376 1106 nostram
399 1046 522 1107 eisdem
547 1047 774 1128 capitularibus
794 1066 850 1129 per
870 1067 929 1109 nos
953 1049 1123 1129 superinde
1140 1048 1340 1130 presentibus
1357 1047 1396 1108 de
1414 1065 1499 1107 novo

237 1171 419 1212 concessam
442 1152 563 1213 illibate
580 1173 705 1235 semper
721 1167 751 1215 et
768 1153 955 1215 inconcusse
973 1156 1139 1215 observare
1160 1153 1311 1215 debeatis.
1333 1153 1499 1213 Presentes

237 1276 325 1335 vero,
348 1277 427 1338 quas
450 1273 570 1320 secreto
595 1259 701 1340 sigillo
727 1275 847 1338 nostro,
871 1279 937 1340 quo
961 1273 995 1321 ut
1019 1281 1071 1321 rex
1097 1259 1262 1340 Hungarie
1287 1259 1417 1336 utimur,
1442 1258 1499 1318 im·

238 1362 389 1445 pendenti
415 1364 607 1425 communiri
633 1363 777 1443 lecimus,
799 1379 870 1447 post
890 1385 999 1426 earum
1021 1367 1174 1427 lecturam
1191 1384 1316 1447 semper
1333 1378 1363 1426 et
1380 1365 1499 1445 ubique

238 1468 416 1530 reddendas
439 1471 643 1551 presentanti.
676 1470 793 1532 Datum
819 1472 907 1532 Bude
933 1470 1067 1533 infesto
1092 1472 1175 1533 beati
1200 1472 1327 1533 Andree
1352 1469 1500 1552 apostoli.

239 1578 335 1636 Anno
359 1575 482 1636 domini
507 1577 681 1638 millesimo
705 1577 963 1659 quingentesimo
987 1578 1191 1640 duodecimo.
1214 1579 1399 1659 Regnorum
1428 1595 1501 1636 nos·

239 1695 364 1742 trorum
391 1681 555 1763 Hungarie
576 1696 634 1743 etc.
663 1703 748 1744 anno
773 1684 929 1764 vigesimo
952 1685 1062 1763 tercio,
1086 1683 1241 1745 Bohemie
1266 1702 1341 1744 vero
1365 1680 1501 1762 quadra·

238 1787 363 1868 gesimo
386 1787 495 1849 tercio.

508 1930 639 1991 Relacio
663 1932 828 1993 reverendi
852 1932 976 1993 domini
1002 1933 1177 2012 Michaelis,
1201 1933 1296 2014 episc.
1321 1929 1502 2007 boznensis,

551 2019 710 2080 secretarii
736 2021 822 2100 regie
847 2021 1029 2083 Maiestatis.

350 2159 487 2225 Originale
514 2160 539 2210 in
559 2162 717 2212 membrana.
743 2162 770 2212 ln
791 2162 908 2227 margine
928 2162 1046 2214 interiori
1065 2164 1199 2228 appendet
1218 2162 1342 2227 sigillum.
1361 2161 1387 2211 la
1406 2158 1504 2210 archiv.

242 2260 300 2297 ven.
321 2247 397 2312 Capit
427 2250 533 2313 zagrab.
552 2249 608 2300 Act.
629 2250 691 2313 Cap.
712 2254 762 2300 ant.
784 2251 848 2302 fasc.
867 2252 893 2302 2.
913 2265 949 2304 nr.
972 2253 992 2301 l.

830 2536 917 2602 104.

351 2671 425 2722 hono
448 2673 522 2736 1513,
542 2675 565 2724 t.
586 2673 720 2727 lebruarii.
741 2675 837 2727 Budae.

255 2798 428 2869 Vlndislaus,
451 2802 552 2874 ngr,
570 2810 619 2861 etc.
640 2823 703 2877 rex,
720 2807 868 2878 praeciffl't
879 2806 1010 2863 Emerico
1026 2807 1120 2864 Peren
1140 2807 1223 2875 batto,
1240 2806 1369 2879 aliisque,
1386 2820 1420 2859 ne
1436 2818 1506 2857 cortr-

245 2905 410 2963 muaitotcm
433 2908 557 2977 cr'vt'tatis
579 2910 613 2966 de
635 2929 732 2986 caasa,
750 2930 837 2984 quam
859 2913 998 2970 adversus
1019 2914 1176 2987 capitulum
1195 2913 1265 2985 agit,
1281 2913 1311 2967 in
1326 2912 1381 2984 jus
1400 2925 1507 2974 vaccar.

935 3051 1093 3101 commissio
1113 3045 1338 3114 propriadomini
1357 3046 1437 3110 regis.

225 3253 228 3257 ,
352 3169 551 3232 Wladislaus
575 3172 625 3235 dei
649 3175 754 3254 gracia
779 3194 831 3236 rex
856 3175 1022 3257 Hungarie
1043 3189 1073 3237 et
1093 3175 1246 3236 Bohemie
1267 3187 1324 3234 etc.
1344 3170 1508 3233 Fidelibus

248 3278 363 3339 nostris
393 3279 558 3359 spectabili
591 3293 621 3341 et
652 3280 824 3362 magnifico
856 3283 1004 3344 Emerico
1032 3282 1071 3343 de
1096 3282 1197 3343 Peren
1221 3279 1329 3341 comiti
1353 3290 1508 3360 perpetuo

248 3385 510 3467 Abawyvariensi
544 3407 579 3447 ac
611 3389 699 3469 regni
732 3389 827 3450 huius
858 3389 956 3450 nostri
981 3389 1146 3469 Hungarie
1178 3386 1319 3468 palatino
1349 3375 1507 3444 et'iudici

250 3492 471 3577 Comanorum
504 3506 697 3573 nostrorum,
729 3514 787 3555 nec
817 3515 882 3557 non
914 3514 1085 3577 regnorum
1119 3507 1301 3554 nostrorum
1335 3488 1509 3565 Dalmacie,

250 3598 384 3659 Croacie
409 3611 440 3659 et
465 3598 635 3661 Sclauonie
662 3602 756 3679 bano,
782 3601 989 3682 eiusdemque
1014 3601 1185 3677 vicebanis,
1210 3618 1267 3658 nec
1292 3616 1356 3658 non
1381 3594 1510 3676 egregio

250 3703 401 3785 magistro
426 3705 594 3767 Francisco
622 3707 661 3769 de
686 3707 836 3770 Marocha
863 3707 1107 3791 prothonotario
1131 3707 1219 3787 regni
1245 3702 1416 3766 Sclauonie
1442 3719 1509 3760 mo-

250 3811 362 3889 derno,
385 3810 500 3873 futuris
524 3813 624 3874 eciam
646 3814 805 3875 iudicibus
827 3829 858 3875 et
879 3814 1129 3897 prothonotariis
1145 3812 1288 3873 eiusdem
1306 3809 1394 3890 regni
1413 3806 1509 3869 nostri

250 3921 385 3982 salutem
410 3935 440 3981 et
463 3920 614 4001 graciam.
640 3921 817 4003 Exponitur
841 3921 997 3982 Maiestati
1022 3935 1127 3981 nostre
1142 3911 1181 3980 'in
1202 3918 1346 4000 personis
1368 3916 1510 3976 fidelium

251 4040 433 4090 nostrorum
466 4026 661 4108 prudentum
694 4040 725 4089 et
751 4029 1053 4110 circumspectorum
1078 4027 1191 4107 judicis
1215 4040 1246 4086 et
1269 4025 1444 4104 juratorum
1469 4021 1511 4080 ci-

252 4134 340 4195 vium
364 4133 499 4199 civitatis
523 4147 629 4195 nostre
653 4134 771 4196 montis
795 4134 979 4196 Grecensis:
1014 4133 1101 4215 quod
1126 4132 1273 4214 quamvis
1298 4129 1357 4211 ipsi
1382 4128 1512 4208 antiqua

253 4241 407 4302 libertatis
440 4242 582 4322 ipsorum
615 4242 815 4322 prerogativa
846 4260 902 4323 per
933 4242 1024 4302 divos
1055 4240 1192 4300 condam
1221 4257 1311 4318 reges
1336 4233 1512 4314 Hungarie,

254 4346 492 4428 predecessores
523 4347 672 4409 videlicet
696 4361 831 4427 nostros,
863 4349 983 4410 eisdem
1012 4367 1160 4409 concessa
1185 4359 1215 4405 et
1239 4363 1294 4425 per
1318 4361 1376 4403 nos
1400 4338 1512 4400 confir·

254 4467 338 4514 mata
367 4454 557 4533 requirente,
585 4455 688 4536 prima
721 4453 824 4517 fronte
849 4477 914 4518 non
937 4468 1105 4517 teneantur
1129 4453 1168 4514 ad
1193 4449 1380 4513 instanciam
1410 4446 1513 4523 cuius-

255 4560 341 4641 piam
373 4560 405 4619 in
438 4580 629 4643 quacunque
661 4581 754 4624 causa
783 4583 918 4645 usquam
943 4564 1032 4641 alias,
1056 4562 1116 4623 nisi
1141 4577 1248 4621 coram
1273 4555 1378 4638 judice
1402 4569 1514 4613 eorum

255 4665 418 4727 ordinario
453 4665 616 4746 juristare3
659 4689 744 4732 nunc
783 4684 888 4732 tamen
933 4668 1137 4731 honorabiles
1172 4663 1346 4746 capitulum
1382 4656 1515 4720 ecclesie

254 4775 470 4868 zagrabiensis
504 4799 570 4843 non
604 4781 720 4843 curatis
749 4779 935 4852 huiusmodi
967 4778 1109 4860 ipsorum
1142 4769 1342 4835 libertatibus
1375 4763 1515 4849 prelatos
