<?xml version="1.0" encoding="UTF-8"?>
<!DOCTYPE html PUBLIC "-//W3C//DTD XHTML 1.0 Transitional//EN"
    "http://www.w3.org/TR/xhtml1/DTD/xhtml1-transitional.dtd">
<html xmlns="http://www.w3.org/1999/xhtml" xml:lang="en" lang="en">
 <head>
  <title>
</title>
<meta http-equiv="Content-Type" content="text/html;charset=utf-8" />
  <meta name='ocr-system' content='tesseract 3.04.00' />
  <meta name='ocr-capabilities' content='ocr_page ocr_carea ocr_par ocr_line ocrx_word'/>
</head>
<body>
  <div class='ocr_page' id='page_1' title='image "./monumentahistor12laszgoog_0297.png"; bbox 0 0 3472 5242; ppageno 0'>
   <div class='ocr_carea' id='block_1_1' title="bbox 239 363 1080 439">
    <p class='ocr_par' dir='ltr' id='par_1_1' title="bbox 239 363 1080 439">
     <span class='ocr_line' id='line_1_1' title="bbox 239 363 1080 439; baseline -0.004 -16"><span class='ocrx_word' id='word_1_1' title='bbox 239 363 299 423; x_wconf 85' lang='lat'>166</span> <span class='ocrx_word' id='word_1_2' title='bbox 650 364 724 424; x_wconf 79' lang='lat' dir='ltr'>Dec.</span> <span class='ocrx_word' id='word_1_3' title='bbox 749 377 818 439; x_wconf 79' lang='lat'>132.</span> <span class='ocrx_word' id='word_1_4' title='bbox 842 396 885 406; x_wconf 92' lang='lat'>—</span> <span class='ocrx_word' id='word_1_5' title='bbox 907 364 967 422; x_wconf 85' lang='lat' dir='ltr'>An.</span> <span class='ocrx_word' id='word_1_6' title='bbox 992 363 1080 438; x_wconf 76' lang='lat'><em>1516.</em></span> 
     </span>
    </p>
   </div>
   <div class='ocr_carea' id='block_1_2' title="bbox 238 471 374 478">
    <p class='ocr_par' dir='ltr' id='par_1_2' title="bbox 238 471 374 478">
     <span class='ocr_line' id='line_1_2' title="bbox 238 471 374 478; baseline 0 0"><span class='ocrx_word' id='word_1_7' title='bbox 238 471 374 478; x_wconf 50' lang='lat' dir='ltr'>——Q-</span> 
     </span>
    </p>
   </div>
   <div class='ocr_carea' id='block_1_3' title="bbox 233 591 1505 3641">
    <p class='ocr_par' dir='ltr' id='par_1_3' title="bbox 233 591 1505 3641">
     <span class='ocr_line' id='line_1_3' title="bbox 236 591 1503 677; baseline 0.002 -21"><span class='ocrx_word' id='word_1_8' title='bbox 236 593 421 676; x_wconf 87' lang='lat' dir='ltr'>apostolicis</span> <span class='ocrx_word' id='word_1_9' title='bbox 444 594 477 656; x_wconf 94' lang='lat' dir='ltr'>in</span> <span class='ocrx_word' id='word_1_10' title='bbox 501 592 654 655; x_wconf 91' lang='lat' dir='ltr'>omnibus</span> <span class='ocrx_word' id='word_1_11' title='bbox 677 605 709 654; x_wconf 90' lang='lat' dir='ltr'>et</span> <span class='ocrx_word' id='word_1_12' title='bbox 731 611 789 674; x_wconf 90' lang='lat' dir='ltr'>per</span> <span class='ocrx_word' id='word_1_13' title='bbox 814 591 925 653; x_wconf 91' lang='lat' dir='ltr'>omnia</span> <span class='ocrx_word' id='word_1_14' title='bbox 963 592 1197 675; x_wconf 87' lang='lat' dir='ltr'>obtemperare,</span> <span class='ocrx_word' id='word_1_15' title='bbox 1228 595 1353 675; x_wconf 89' lang='lat' dir='ltr'>scrinia,</span> <span class='ocrx_word' id='word_1_16' title='bbox 1385 595 1503 677; x_wconf 86' lang='lat' dir='ltr'>thecas,</span> 
     </span>
     <span class='ocr_line' id='line_1_4' title="bbox 234 697 1503 785; baseline 0.003 -24"><span class='ocrx_word' id='word_1_17' title='bbox 234 700 398 763; x_wconf 76' lang='lat' dir='ltr'><strong>manualia</strong></span> <span class='ocrx_word' id='word_1_18' title='bbox 422 713 453 762; x_wconf 90' lang='lat' dir='ltr'>et</span> <span class='ocrx_word' id='word_1_19' title='bbox 476 698 678 783; x_wconf 90' lang='lat' dir='ltr'>prothocolla</span> <span class='ocrx_word' id='word_1_20' title='bbox 703 710 811 760; x_wconf 88' lang='lat' dir='ltr'>nostra</span> <span class='ocrx_word' id='word_1_21' title='bbox 834 710 865 760; x_wconf 94' lang='lat' dir='ltr'>et</span> <span class='ocrx_word' id='word_1_22' title='bbox 889 697 1022 760; x_wconf 87' lang='lat' dir='ltr'>ecclesie</span> <span class='ocrx_word' id='word_1_23' title='bbox 1046 711 1152 761; x_wconf 89' lang='lat' dir='ltr'>nostre</span> <span class='ocrx_word' id='word_1_24' title='bbox 1177 699 1348 782; x_wconf 82' lang='lat' dir='ltr'>diligenter</span> <span class='ocrx_word' id='word_1_25' title='bbox 1372 702 1503 785; x_wconf 90' lang='lat' dir='ltr'>perqui-</span> 
     </span>
     <span class='ocr_line' id='line_1_5' title="bbox 234 804 1504 890; baseline 0.003 -23"><span class='ocrx_word' id='word_1_26' title='bbox 234 819 340 869; x_wconf 82' lang='lat' dir='ltr'>rentes</span> <span class='ocrx_word' id='word_1_27' title='bbox 362 807 393 868; x_wconf 90' lang='lat' dir='ltr'>in</span> <span class='ocrx_word' id='word_1_28' title='bbox 419 807 487 889; x_wconf 92' lang='lat' dir='ltr'>ipsa</span> <span class='ocrx_word' id='word_1_29' title='bbox 516 805 649 868; x_wconf 89' lang='lat' dir='ltr'>ecclesia</span> <span class='ocrx_word' id='word_1_30' title='bbox 681 816 790 866; x_wconf 88' lang='lat' dir='ltr'>nostra</span> <span class='ocrx_word' id='word_1_31' title='bbox 821 804 1032 885; x_wconf 92' lang='lat' dir='ltr'>zagrabiensi,</span> <span class='ocrx_word' id='word_1_32' title='bbox 1064 806 1237 868; x_wconf 89' lang='lat' dir='ltr'>nonnullas</span> <span class='ocrx_word' id='word_1_33' title='bbox 1267 808 1438 890; x_wconf 87' lang='lat' dir='ltr'>scripturas</span> <span class='ocrx_word' id='word_1_34' title='bbox 1473 822 1504 871; x_wconf 89' lang='lat' dir='ltr'>et</span> 
     </span>
     <span class='ocr_line' id='line_1_6' title="bbox 233 910 1502 996; baseline 0.002 -22"><span class='ocrx_word' id='word_1_35' title='bbox 233 912 366 994; x_wconf 87' lang='lat' dir='ltr'>registra</span> <span class='ocrx_word' id='word_1_36' title='bbox 389 913 421 974; x_wconf 92' lang='lat' dir='ltr'>in</span> <span class='ocrx_word' id='word_1_37' title='bbox 440 910 634 994; x_wconf 90' lang='lat' dir='ltr'>quibusdam</span> <span class='ocrx_word' id='word_1_38' title='bbox 650 910 740 972; x_wconf 92' lang='lat' dir='ltr'>libris</span> <span class='ocrx_word' id='word_1_39' title='bbox 756 910 888 972; x_wconf 82' lang='lat' dir='ltr'>ecclesie</span> <span class='ocrx_word' id='word_1_40' title='bbox 906 910 938 971; x_wconf 95' lang='lat' dir='ltr'>in</span> <span class='ocrx_word' id='word_1_41' title='bbox 958 930 1153 993; x_wconf 90' lang='lat' dir='ltr'>pergameno</span> <span class='ocrx_word' id='word_1_42' title='bbox 1170 913 1294 996; x_wconf 90' lang='lat' dir='ltr'>scriptis</span> <span class='ocrx_word' id='word_1_43' title='bbox 1311 927 1342 976; x_wconf 92' lang='lat' dir='ltr'>et</span> <span class='ocrx_word' id='word_1_44' title='bbox 1357 913 1502 996; x_wconf 83' lang='lat' dir='ltr'>proiecto</span> 
     </span>
     <span class='ocr_line' id='line_1_7' title="bbox 233 1015 1504 1100; baseline 0.002 -20"><span class='ocrx_word' id='word_1_45' title='bbox 233 1019 308 1080; x_wconf 85' lang='lat' dir='ltr'>satis</span> <span class='ocrx_word' id='word_1_46' title='bbox 331 1017 563 1096; x_wconf 89' lang='lat' dir='ltr'>vetustissimis,</span> <span class='ocrx_word' id='word_1_47' title='bbox 584 1036 650 1078; x_wconf 92' lang='lat' dir='ltr'>uno</span> <span class='ocrx_word' id='word_1_48' title='bbox 674 1015 824 1078; x_wconf 89' lang='lat' dir='ltr'>videlicet</span> <span class='ocrx_word' id='word_1_49' title='bbox 847 1016 1013 1098; x_wconf 87' lang='lat' dir='ltr'>capitulari</span> <span class='ocrx_word' id='word_1_50' title='bbox 1038 1017 1102 1079; x_wconf 89' lang='lat' dir='ltr'>alio</span> <span class='ocrx_word' id='word_1_51' title='bbox 1126 1018 1288 1100; x_wconf 90' lang='lat' dir='ltr'>psalterio,</span> <span class='ocrx_word' id='word_1_52' title='bbox 1303 1020 1393 1082; x_wconf 86' lang='lat' dir='ltr'>libris</span> <span class='ocrx_word' id='word_1_53' title='bbox 1415 1021 1504 1083; x_wconf 85' lang='lat' dir='ltr'>voci·</span> 
     </span>
     <span class='ocr_line' id='line_1_8' title="bbox 234 1121 1503 1206; baseline 0.002 -20"><span class='ocrx_word' id='word_1_54' title='bbox 234 1125 317 1203; x_wconf 90' lang='lat' dir='ltr'>tatis,</span> <span class='ocrx_word' id='word_1_55' title='bbox 342 1123 496 1206; x_wconf 93' lang='lat' dir='ltr'>quodque</span> <span class='ocrx_word' id='word_1_56' title='bbox 519 1143 575 1205; x_wconf 93' lang='lat' dir='ltr'>pre</span> <span class='ocrx_word' id='word_1_57' title='bbox 600 1135 756 1184; x_wconf 91' lang='lat' dir='ltr'>vetustate</span> <span class='ocrx_word' id='word_1_58' title='bbox 780 1122 924 1204; x_wconf 92' lang='lat' dir='ltr'>ipsorum</span> <span class='ocrx_word' id='word_1_59' title='bbox 949 1121 1000 1183; x_wconf 83' lang='lat' dir='ltr'>vix</span> <span class='ocrx_word' id='word_1_60' title='bbox 1024 1122 1178 1205; x_wconf 89' lang='lat' dir='ltr'>scriptura</span> <span class='ocrx_word' id='word_1_61' title='bbox 1195 1123 1258 1206; x_wconf 92' lang='lat' dir='ltr'>legi</span> <span class='ocrx_word' id='word_1_62' title='bbox 1276 1124 1386 1188; x_wconf 92' lang='lat' dir='ltr'>debito</span> <span class='ocrx_word' id='word_1_63' title='bbox 1403 1126 1503 1189; x_wconf 92' lang='lat' dir='ltr'>modo</span> 
     </span>
     <span class='ocr_line' id='line_1_9' title="bbox 235 1227 1502 1313; baseline 0.002 -21"><span class='ocrx_word' id='word_1_64' title='bbox 235 1242 350 1313; x_wconf 90' lang='lat' dir='ltr'>potest,</span> <span class='ocrx_word' id='word_1_65' title='bbox 384 1230 467 1292; x_wconf 90' lang='lat' dir='ltr'>inter</span> <span class='ocrx_word' id='word_1_66' title='bbox 499 1229 578 1292; x_wconf 89' lang='lat' dir='ltr'>alias</span> <span class='ocrx_word' id='word_1_67' title='bbox 616 1227 810 1310; x_wconf 87' lang='lat' dir='ltr'>multiplices</span> <span class='ocrx_word' id='word_1_68' title='bbox 834 1228 1013 1309; x_wconf 87' lang='lat' dir='ltr'>signaturas</span> <span class='ocrx_word' id='word_1_69' title='bbox 1041 1240 1072 1289; x_wconf 90' lang='lat' dir='ltr'>et</span> <span class='ocrx_word' id='word_1_70' title='bbox 1104 1230 1304 1292; x_wconf 88' lang='lat' dir='ltr'>memorialia</span> <span class='ocrx_word' id='word_1_71' title='bbox 1337 1230 1434 1294; x_wconf 85' lang='lat' dir='ltr'>factas</span> <span class='ocrx_word' id='word_1_72' title='bbox 1462 1231 1502 1294; x_wconf 89' lang='lat' dir='ltr'>de</span> 
     </span>
     <span class='ocr_line' id='line_1_10' title="bbox 234 1333 1502 1419; baseline 0.002 -21"><span class='ocrx_word' id='word_1_73' title='bbox 234 1349 335 1398; x_wconf 89' lang='lat' dir='ltr'>morte</span> <span class='ocrx_word' id='word_1_74' title='bbox 359 1336 585 1418; x_wconf 90' lang='lat' dir='ltr'>episcoporum</span> <span class='ocrx_word' id='word_1_75' title='bbox 608 1347 640 1398; x_wconf 90' lang='lat' dir='ltr'>et</span> <span class='ocrx_word' id='word_1_76' title='bbox 662 1334 892 1396; x_wconf 92' lang='lat' dir='ltr'>canonicorum</span> <span class='ocrx_word' id='word_1_77' title='bbox 917 1333 1048 1396; x_wconf 87' lang='lat' dir='ltr'>ecclesie</span> <span class='ocrx_word' id='word_1_78' title='bbox 1066 1336 1280 1416; x_wconf 89' lang='lat' dir='ltr'>zagrabiensis</span> <span class='ocrx_word' id='word_1_79' title='bbox 1303 1337 1445 1419; x_wconf 86' lang='lat' dir='ltr'>predicte</span> <span class='ocrx_word' id='word_1_80' title='bbox 1471 1351 1502 1401; x_wconf 90' lang='lat' dir='ltr'>et</span> 
     </span>
     <span class='ocr_line' id='line_1_11' title="bbox 234 1441 1501 1524; baseline 0.002 -21"><span class='ocrx_word' id='word_1_81' title='bbox 234 1441 368 1504; x_wconf 90' lang='lat' dir='ltr'>aliarum</span> <span class='ocrx_word' id='word_1_82' title='bbox 394 1441 636 1523; x_wconf 88' lang='lat' dir='ltr'>magnificarum</span> <span class='ocrx_word' id='word_1_83' title='bbox 659 1461 868 1524; x_wconf 92' lang='lat' dir='ltr'>personarum</span> <span class='ocrx_word' id='word_1_84' title='bbox 894 1460 952 1504; x_wconf 90' lang='lat' dir='ltr'>nec</span> <span class='ocrx_word' id='word_1_85' title='bbox 976 1460 1042 1502; x_wconf 92' lang='lat' dir='ltr'>non</span> <span class='ocrx_word' id='word_1_86' title='bbox 1066 1441 1168 1502; x_wconf 89' lang='lat' dir='ltr'>eciam</span> <span class='ocrx_word' id='word_1_87' title='bbox 1192 1442 1231 1504; x_wconf 94' lang='lat' dir='ltr'>de</span> <span class='ocrx_word' id='word_1_88' title='bbox 1254 1443 1352 1524; x_wconf 88' lang='lat' dir='ltr'>gestis</span> <span class='ocrx_word' id='word_1_89' title='bbox 1375 1445 1501 1507; x_wconf 91' lang='lat' dir='ltr'>notabi-</span> 
     </span>
     <span class='ocr_line' id='line_1_12' title="bbox 234 1546 1504 1632; baseline 0.002 -23"><span class='ocrx_word' id='word_1_90' title='bbox 234 1547 319 1610; x_wconf 83' lang='lat' dir='ltr'>libus</span> <span class='ocrx_word' id='word_1_91' title='bbox 342 1548 375 1609; x_wconf 93' lang='lat' dir='ltr'>in</span> <span class='ocrx_word' id='word_1_92' title='bbox 398 1567 498 1629; x_wconf 94' lang='lat' dir='ltr'>regno</span> <span class='ocrx_word' id='word_1_93' title='bbox 522 1546 622 1627; x_wconf 87' lang='lat' dir='ltr'>factis,</span> <span class='ocrx_word' id='word_1_94' title='bbox 646 1546 830 1609; x_wconf 92' lang='lat' dir='ltr'>huiusmodi</span> <span class='ocrx_word' id='word_1_95' title='bbox 856 1547 1035 1628; x_wconf 91' lang='lat' dir='ltr'>signaturas</span> <span class='ocrx_word' id='word_1_96' title='bbox 1050 1547 1237 1629; x_wconf 91' lang='lat' dir='ltr'>reperimus,</span> <span class='ocrx_word' id='word_1_97' title='bbox 1255 1569 1353 1611; x_wconf 89' lang='lat' dir='ltr'>unam</span> <span class='ocrx_word' id='word_1_98' title='bbox 1375 1550 1408 1611; x_wconf 92' lang='lat' dir='ltr'>in</span> <span class='ocrx_word' id='word_1_99' title='bbox 1434 1550 1504 1632; x_wconf 88' lang='lat' dir='ltr'>ipso</span> 
     </span>
     <span class='ocr_line' id='line_1_13' title="bbox 235 1651 1503 1737; baseline 0.001 -21"><span class='ocrx_word' id='word_1_100' title='bbox 235 1654 318 1716; x_wconf 91' lang='lat' dir='ltr'>libro</span> <span class='ocrx_word' id='word_1_101' title='bbox 341 1653 481 1737; x_wconf 89' lang='lat' dir='ltr'>psalterii</span> <span class='ocrx_word' id='word_1_102' title='bbox 506 1654 565 1716; x_wconf 89' lang='lat' dir='ltr'>sub</span> <span class='ocrx_word' id='word_1_103' title='bbox 590 1653 648 1714; x_wconf 89' lang='lat' dir='ltr'>hac</span> <span class='ocrx_word' id='word_1_104' title='bbox 672 1651 793 1715; x_wconf 87' lang='lat' dir='ltr'>forma:</span> <span class='ocrx_word' id='word_1_105' title='bbox 819 1652 881 1714; x_wconf 89' lang='lat' dir='ltr'>Hic</span> <span class='ocrx_word' id='word_1_106' title='bbox 904 1651 985 1714; x_wconf 89' lang='lat' dir='ltr'>obiit</span> <span class='ocrx_word' id='word_1_107' title='bbox 1009 1652 1161 1714; x_wconf 90' lang='lat' dir='ltr'>dominus</span> <span class='ocrx_word' id='word_1_108' title='bbox 1193 1654 1321 1732; x_wconf 91' lang='lat' dir='ltr'>Paulus,</span> <span class='ocrx_word' id='word_1_109' title='bbox 1345 1654 1503 1717; x_wconf 84' lang='lat' dir='ltr'>archidia-</span> 
     </span>
     <span class='ocr_line' id='line_1_14' title="bbox 235 1757 1503 1842; baseline 0 -19"><span class='ocrx_word' id='word_1_110' title='bbox 235 1781 336 1824; x_wconf 91' lang='lat' dir='ltr'>conus</span> <span class='ocrx_word' id='word_1_111' title='bbox 367 1760 591 1839; x_wconf 89' lang='lat' dir='ltr'>kamarcensis,</span> <span class='ocrx_word' id='word_1_112' title='bbox 616 1760 671 1842; x_wconf 93' lang='lat' dir='ltr'>qui</span> <span class='ocrx_word' id='word_1_113' title='bbox 703 1760 822 1841; x_wconf 87' lang='lat' dir='ltr'>legavit</span> <span class='ocrx_word' id='word_1_114' title='bbox 853 1758 1073 1841; x_wconf 88' lang='lat' dir='ltr'>prebendariis</span> <span class='ocrx_word' id='word_1_115' title='bbox 1107 1757 1195 1820; x_wconf 90' lang='lat' dir='ltr'>chori</span> <span class='ocrx_word' id='word_1_116' title='bbox 1230 1760 1362 1823; x_wconf 90' lang='lat' dir='ltr'>ecclesie</span> <span class='ocrx_word' id='word_1_117' title='bbox 1394 1780 1503 1842; x_wconf 87' lang='lat' dir='ltr'>zagra-</span> 
     </span>
     <span class='ocr_line' id='line_1_15' title="bbox 236 1863 1505 1950; baseline 0.001 -21"><span class='ocrx_word' id='word_1_118' title='bbox 236 1867 355 1929; x_wconf 89' lang='lat' dir='ltr'>biensis</span> <span class='ocrx_word' id='word_1_119' title='bbox 378 1867 531 1929; x_wconf 91' lang='lat' dir='ltr'>balneum</span> <span class='ocrx_word' id='word_1_120' title='bbox 556 1879 718 1928; x_wconf 90' lang='lat' dir='ltr'>muratum</span> <span class='ocrx_word' id='word_1_121' title='bbox 750 1866 783 1927; x_wconf 95' lang='lat' dir='ltr'>in</span> <span class='ocrx_word' id='word_1_122' title='bbox 819 1865 1023 1948; x_wconf 88' lang='lat' dir='ltr'>possessione</span> <span class='ocrx_word' id='word_1_123' title='bbox 1053 1863 1260 1927; x_wconf 91' lang='lat' dir='ltr'>dominorum</span> <span class='ocrx_word' id='word_1_124' title='bbox 1292 1867 1331 1929; x_wconf 94' lang='lat' dir='ltr'>de</span> <span class='ocrx_word' id='word_1_125' title='bbox 1364 1867 1505 1950; x_wconf 90' lang='lat' dir='ltr'>capitulo</span> 
     </span>
     <span class='ocr_line' id='line_1_16' title="bbox 235 1971 1503 2057; baseline 0.002 -23"><span class='ocrx_word' id='word_1_126' title='bbox 235 1972 380 2034; x_wconf 87' lang='lat' dir='ltr'>habitum</span> <span class='ocrx_word' id='word_1_127' title='bbox 404 1972 486 2034; x_wconf 93' lang='lat' dir='ltr'>circa</span> <span class='ocrx_word' id='word_1_128' title='bbox 519 1971 654 2033; x_wconf 91' lang='lat' dir='ltr'>fluvium</span> <span class='ocrx_word' id='word_1_129' title='bbox 678 1984 709 2033; x_wconf 90' lang='lat' dir='ltr'>et</span> <span class='ocrx_word' id='word_1_130' title='bbox 733 1990 831 2032; x_wconf 89' lang='lat' dir='ltr'>unam</span> <span class='ocrx_word' id='word_1_131' title='bbox 856 1972 975 2033; x_wconf 92' lang='lat' dir='ltr'>bonam</span> <span class='ocrx_word' id='word_1_132' title='bbox 1000 1971 1127 2032; x_wconf 89' lang='lat' dir='ltr'>vineam</span> <span class='ocrx_word' id='word_1_133' title='bbox 1161 1971 1242 2033; x_wconf 89' lang='lat' dir='ltr'>circa</span> <span class='ocrx_word' id='word_1_134' title='bbox 1267 1985 1411 2035; x_wconf 90' lang='lat' dir='ltr'>sanctum</span> <span class='ocrx_word' id='word_1_135' title='bbox 1446 1975 1503 2057; x_wconf 88' lang='lat' dir='ltr'>Sy·</span> 
     </span>
     <span class='ocr_line' id='line_1_17' title="bbox 235 2076 1504 2142; baseline 0.002 -3"><span class='ocrx_word' id='word_1_136' title='bbox 235 2097 365 2140; x_wconf 90' lang='lat' dir='ltr'>monem</span> <span class='ocrx_word' id='word_1_137' title='bbox 391 2090 422 2140; x_wconf 90' lang='lat' dir='ltr'>et</span> <span class='ocrx_word' id='word_1_138' title='bbox 445 2097 546 2140; x_wconf 93' lang='lat' dir='ltr'>unum</span> <span class='ocrx_word' id='word_1_139' title='bbox 571 2077 753 2139; x_wconf 91' lang='lat' dir='ltr'>breviarum</span> <span class='ocrx_word' id='word_1_140' title='bbox 778 2097 873 2139; x_wconf 89' lang='lat' dir='ltr'>suum</span> <span class='ocrx_word' id='word_1_141' title='bbox 898 2078 1030 2138; x_wconf 92' lang='lat' dir='ltr'>bonum.</span> <span class='ocrx_word' id='word_1_142' title='bbox 1055 2080 1151 2138; x_wconf 85' lang='lat' dir='ltr'>Anno</span> <span class='ocrx_word' id='word_1_143' title='bbox 1180 2076 1304 2139; x_wconf 92' lang='lat' dir='ltr'>domini</span> <span class='ocrx_word' id='word_1_144' title='bbox 1330 2079 1504 2142; x_wconf 91' lang='lat' dir='ltr'>millesimo</span> 
     </span>
     <span class='ocr_line' id='line_1_18' title="bbox 235 2181 1504 2265; baseline 0.002 -19"><span class='ocrx_word' id='word_1_145' title='bbox 235 2184 460 2247; x_wconf 89' lang='lat' dir='ltr'>trecentesimo</span> <span class='ocrx_word' id='word_1_146' title='bbox 484 2183 683 2265; x_wconf 83' lang='lat' dir='ltr'>sexagesimo</span> <span class='ocrx_word' id='word_1_147' title='bbox 706 2196 805 2261; x_wconf 85' lang='lat' dir='ltr'>sexto,</span> <span class='ocrx_word' id='word_1_148' title='bbox 830 2182 861 2244; x_wconf 90' lang='lat' dir='ltr'>in</span> <span class='ocrx_word' id='word_1_149' title='bbox 892 2181 973 2244; x_wconf 83' lang='lat' dir='ltr'>festo</span> <span class='ocrx_word' id='word_1_150' title='bbox 1003 2183 1150 2244; x_wconf 93' lang='lat' dir='ltr'>omnium</span> <span class='ocrx_word' id='word_1_151' title='bbox 1183 2197 1367 2248; x_wconf 90' lang='lat' dir='ltr'>sanctorum</span> <span class='ocrx_word' id='word_1_152' title='bbox 1404 2221 1440 2231; x_wconf 91' lang='lat'><em>-</em></span> <span class='ocrx_word' id='word_1_153' title='bbox 1469 2186 1504 2248; x_wconf 92' lang='lat' dir='ltr'>in</span> 
     </span>
     <span class='ocr_line' id='line_1_19' title="bbox 236 2288 1504 2373; baseline 0.001 -22"><span class='ocrx_word' id='word_1_154' title='bbox 236 2289 301 2352; x_wconf 93' lang='lat' dir='ltr'>alio</span> <span class='ocrx_word' id='word_1_155' title='bbox 325 2309 400 2351; x_wconf 89' lang='lat' dir='ltr'>vero</span> <span class='ocrx_word' id='word_1_156' title='bbox 425 2289 508 2351; x_wconf 94' lang='lat' dir='ltr'>libro</span> <span class='ocrx_word' id='word_1_157' title='bbox 533 2288 700 2370; x_wconf 89' lang='lat' dir='ltr'>capitulari</span> <span class='ocrx_word' id='word_1_158' title='bbox 725 2288 826 2349; x_wconf 92' lang='lat' dir='ltr'>eciam</span> <span class='ocrx_word' id='word_1_159' title='bbox 858 2288 1082 2350; x_wconf 90' lang='lat' dir='ltr'>continebatur</span> <span class='ocrx_word' id='word_1_160' title='bbox 1115 2288 1255 2371; x_wconf 89' lang='lat' dir='ltr'>quedam</span> <span class='ocrx_word' id='word_1_161' title='bbox 1287 2291 1441 2373; x_wconf 91' lang='lat' dir='ltr'>scriptura</span> <span class='ocrx_word' id='word_1_162' title='bbox 1473 2304 1504 2354; x_wconf 91' lang='lat' dir='ltr'>et</span> 
     </span>
     <span class='ocr_line' id='line_1_20' title="bbox 235 2385 1503 2479; baseline 0.002 -22"><span class='ocrx_word' id='word_1_163' title='bbox 235 2396 409 2477; x_wconf 84' lang='lat' dir='ltr'>signatura,</span> <span class='ocrx_word' id='word_1_164' title='bbox 434 2414 496 2476; x_wconf 91' lang='lat' dir='ltr'>que</span> <span class='ocrx_word' id='word_1_165' title='bbox 518 2414 574 2476; x_wconf 93' lang='lat' dir='ltr'>pre</span> <span class='ocrx_word' id='word_1_166' title='bbox 608 2406 763 2456; x_wconf 88' lang='lat' dir='ltr'>vetustate</span> <span class='ocrx_word' id='word_1_167' title='bbox 795 2407 826 2456; x_wconf 90' lang='lat' dir='ltr'>et</span> <span class='ocrx_word' id='word_1_168' title='bbox 857 2385 969 2455; x_wconf 81' lang='lat' dir='ltr'>it&#39;erata</span> <span class='ocrx_word' id='word_1_169' title='bbox 1001 2392 1185 2474; x_wconf 90' lang='lat' dir='ltr'>illigacione</span> <span class='ocrx_word' id='word_1_170' title='bbox 1216 2396 1315 2478; x_wconf 90' lang='lat' dir='ltr'>ipsius</span> <span class='ocrx_word' id='word_1_171' title='bbox 1338 2397 1411 2459; x_wconf 88' lang='lat' dir='ltr'>libri</span> <span class='ocrx_word' id='word_1_172' title='bbox 1440 2396 1503 2479; x_wconf 92' lang='lat' dir='ltr'>legi</span> 
     </span>
     <span class='ocr_line' id='line_1_21' title="bbox 236 2498 1502 2581; baseline 0.002 -18"><span class='ocrx_word' id='word_1_173' title='bbox 236 2501 371 2563; x_wconf 92' lang='lat' dir='ltr'>omnino</span> <span class='ocrx_word' id='word_1_174' title='bbox 407 2519 472 2561; x_wconf 90' lang='lat' dir='ltr'>non</span> <span class='ocrx_word' id='word_1_175' title='bbox 508 2512 642 2581; x_wconf 93' lang='lat' dir='ltr'>poterat,</span> <span class='ocrx_word' id='word_1_176' title='bbox 676 2518 787 2560; x_wconf 89' lang='lat' dir='ltr'>verum</span> <span class='ocrx_word' id='word_1_177' title='bbox 818 2499 901 2560; x_wconf 90' lang='lat' dir='ltr'>inter</span> <span class='ocrx_word' id='word_1_178' title='bbox 933 2498 995 2560; x_wconf 89' lang='lat' dir='ltr'>alia</span> <span class='ocrx_word' id='word_1_179' title='bbox 1024 2499 1270 2563; x_wconf 88' lang='lat' dir='ltr'>continebantur</span> <span class='ocrx_word' id='word_1_180' title='bbox 1299 2501 1358 2565; x_wconf 90' lang='lat' dir='ltr'>hec</span> <span class='ocrx_word' id='word_1_181' title='bbox 1389 2505 1502 2565; x_wconf 89' lang='lat' dir='ltr'>verba:</span> 
     </span>
     <span class='ocr_line' id='line_1_22' title="bbox 237 2605 1502 2687; baseline 0.002 -18"><span class='ocrx_word' id='word_1_182' title='bbox 237 2607 299 2669; x_wconf 89' lang='lat' dir='ltr'>Hic</span> <span class='ocrx_word' id='word_1_183' title='bbox 322 2607 403 2669; x_wconf 94' lang='lat' dir='ltr'>obiit</span> <span class='ocrx_word' id='word_1_184' title='bbox 424 2605 667 2668; x_wconf 92' lang='lat' dir='ltr'>archidiaconus</span> <span class='ocrx_word' id='word_1_185' title='bbox 680 2606 713 2667; x_wconf 91' lang='lat' dir='ltr'>P.</span> <span class='ocrx_word' id='word_1_186' title='bbox 732 2605 954 2673; x_wconf 84' lang='lat' dir='ltr'>lramarcensis‚</span> <span class='ocrx_word' id='word_1_187' title='bbox 973 2605 1029 2687; x_wconf 94' lang='lat' dir='ltr'>qui</span> <span class='ocrx_word' id='word_1_188' title='bbox 1046 2605 1166 2687; x_wconf 85' lang='lat' dir='ltr'>legavit</span> <span class='ocrx_word' id='word_1_189' title='bbox 1182 2607 1334 2670; x_wconf 91' lang='lat' dir='ltr'>balneum</span> <span class='ocrx_word' id='word_1_190' title='bbox 1351 2608 1502 2671; x_wconf 89' lang='lat' dir='ltr'>dominis.</span> 
     </span>
     <span class='ocr_line' id='line_1_23' title="bbox 236 2710 1504 2797; baseline 0.001 -21"><span class='ocrx_word' id='word_1_191' title='bbox 236 2712 411 2776; x_wconf 90' lang='lat' dir='ltr'>Millesimo</span> <span class='ocrx_word' id='word_1_192' title='bbox 434 2711 647 2775; x_wconf 87' lang='lat' dir='ltr'>trecentesim.</span> <span class='ocrx_word' id='word_1_193' title='bbox 660 2758 668 2774; x_wconf 92' lang='lat'>.</span> <span class='ocrx_word' id='word_1_194' title='bbox 683 2758 692 2773; x_wconf 91' lang='lat'>.</span> <span class='ocrx_word' id='word_1_195' title='bbox 705 2710 967 2794; x_wconf 89' lang='lat' dir='ltr'>Quibusquidem</span> <span class='ocrx_word' id='word_1_196' title='bbox 984 2711 1156 2792; x_wconf 81' lang='lat' dir='ltr'>signaturis</span> <span class='ocrx_word' id='word_1_197' title='bbox 1168 2726 1199 2774; x_wconf 91' lang='lat' dir='ltr'>et</span> <span class='ocrx_word' id='word_1_198' title='bbox 1215 2715 1355 2795; x_wconf 90' lang='lat' dir='ltr'>registris</span> <span class='ocrx_word' id='word_1_199' title='bbox 1371 2734 1427 2797; x_wconf 93' lang='lat' dir='ltr'>per</span> <span class='ocrx_word' id='word_1_200' title='bbox 1445 2735 1504 2777; x_wconf 90' lang='lat' dir='ltr'>nos</span> 
     </span>
     <span class='ocr_line' id='line_1_24' title="bbox 236 2816 1503 2902; baseline 0.002 -22"><span class='ocrx_word' id='word_1_201' title='bbox 236 2819 291 2899; x_wconf 91' lang='lat' dir='ltr'>sic,</span> <span class='ocrx_word' id='word_1_202' title='bbox 314 2832 349 2881; x_wconf 92' lang='lat' dir='ltr'>ut</span> <span class='ocrx_word' id='word_1_203' title='bbox 372 2818 576 2902; x_wconf 86' lang='lat' dir='ltr'>premittitur,</span> <span class='ocrx_word' id='word_1_204' title='bbox 599 2818 783 2900; x_wconf 88' lang='lat' dir='ltr'>perquisitis</span> <span class='ocrx_word' id='word_1_205' title='bbox 796 2831 828 2880; x_wconf 88' lang='lat' dir='ltr'>et</span> <span class='ocrx_word' id='word_1_206' title='bbox 850 2818 992 2899; x_wconf 83' lang='lat' dir='ltr'>repertis,</span> <span class='ocrx_word' id='word_1_207' title='bbox 1020 2816 1118 2879; x_wconf 88' lang='lat' dir='ltr'>modo</span> <span class='ocrx_word' id='word_1_208' title='bbox 1143 2819 1299 2900; x_wconf 91' lang='lat' dir='ltr'>premisso</span> <span class='ocrx_word' id='word_1_209' title='bbox 1316 2822 1383 2882; x_wconf 88' lang='lat' dir='ltr'>sine</span> <span class='ocrx_word' id='word_1_210' title='bbox 1408 2820 1503 2882; x_wconf 95' lang='lat' dir='ltr'>dimi-</span> 
     </span>
     <span class='ocr_line' id='line_1_25' title="bbox 237 2922 1502 3005; baseline 0.001 -18"><span class='ocrx_word' id='word_1_211' title='bbox 237 2925 375 2987; x_wconf 91' lang='lat' dir='ltr'>nucione</span> <span class='ocrx_word' id='word_1_212' title='bbox 400 2938 431 2986; x_wconf 91' lang='lat' dir='ltr'>et</span> <span class='ocrx_word' id='word_1_213' title='bbox 454 2936 628 3005; x_wconf 90' lang='lat' dir='ltr'>augmento</span> <span class='ocrx_word' id='word_1_214' title='bbox 657 2923 791 3005; x_wconf 84' lang='lat' dir='ltr'>aliquali</span> <span class='ocrx_word' id='word_1_215' title='bbox 824 2922 864 2986; x_wconf 90' lang='lat' dir='ltr'>de</span> <span class='ocrx_word' id='word_1_216' title='bbox 897 2925 996 2986; x_wconf 90' lang='lat' dir='ltr'>verbo</span> <span class='ocrx_word' id='word_1_217' title='bbox 1029 2923 1069 2985; x_wconf 94' lang='lat' dir='ltr'>ad</span> <span class='ocrx_word' id='word_1_218' title='bbox 1097 2925 1242 3004; x_wconf 91' lang='lat' dir='ltr'>verbum,</span> <span class='ocrx_word' id='word_1_219' title='bbox 1276 2926 1321 2988; x_wconf 94' lang='lat' dir='ltr'>nil</span> <span class='ocrx_word' id='word_1_220' title='bbox 1353 2926 1502 2988; x_wconf 92' lang='lat' dir='ltr'>addendo</span> 
     </span>
     <span class='ocr_line' id='line_1_26' title="bbox 237 3029 1500 3114; baseline -0.001 -20"><span class='ocrx_word' id='word_1_221' title='bbox 237 3031 289 3094; x_wconf 90' lang='lat' dir='ltr'>vel</span> <span class='ocrx_word' id='word_1_222' title='bbox 313 3029 491 3093; x_wconf 88' lang='lat' dir='ltr'>minuendo</span> <span class='ocrx_word' id='word_1_223' title='bbox 521 3029 771 3111; x_wconf 90' lang='lat' dir='ltr'>transumptatis,</span> <span class='ocrx_word' id='word_1_224' title='bbox 803 3029 1004 3112; x_wconf 92' lang='lat' dir='ltr'>presentibus</span> <span class='ocrx_word' id='word_1_225' title='bbox 1036 3029 1136 3092; x_wconf 90' lang='lat' dir='ltr'>literis</span> <span class='ocrx_word' id='word_1_226' title='bbox 1169 3031 1284 3093; x_wconf 92' lang='lat' dir='ltr'>nostris</span> <span class='ocrx_word' id='word_1_227' title='bbox 1314 3033 1500 3114; x_wconf 88' lang='lat' dir='ltr'>patentibus</span> 
     </span>
     <span class='ocr_line' id='line_1_27' title="bbox 237 3134 1501 3218; baseline 0 -19"><span class='ocrx_word' id='word_1_228' title='bbox 237 3136 366 3199; x_wconf 90' lang='lat' dir='ltr'>inscribi</span> <span class='ocrx_word' id='word_1_229' title='bbox 392 3149 422 3197; x_wconf 93' lang='lat' dir='ltr'>et</span> <span class='ocrx_word' id='word_1_230' title='bbox 446 3134 696 3198; x_wconf 87' lang='lat' dir='ltr'>inserifacientes</span> <span class='ocrx_word' id='word_1_231' title='bbox 719 3134 850 3218; x_wconf 86' lang='lat' dir='ltr'>prefatis</span> <span class='ocrx_word' id='word_1_232' title='bbox 874 3134 996 3197; x_wconf 89' lang='lat' dir='ltr'>decano</span> <span class='ocrx_word' id='word_1_233' title='bbox 1024 3147 1055 3196; x_wconf 90' lang='lat' dir='ltr'>et</span> <span class='ocrx_word' id='word_1_234' title='bbox 1077 3136 1135 3196; x_wconf 91' lang='lat' dir='ltr'>toti</span> <span class='ocrx_word' id='word_1_235' title='bbox 1161 3138 1383 3199; x_wconf 89' lang='lat' dir='ltr'>communitati</span> <span class='ocrx_word' id='word_1_236' title='bbox 1410 3137 1501 3201; x_wconf 85' lang='lat' dir='ltr'>duxi-</span> 
     </span>
     <span class='ocr_line' id='line_1_28' title="bbox 237 3241 1502 3325; baseline -0.001 -18"><span class='ocrx_word' id='word_1_237' title='bbox 237 3264 310 3307; x_wconf 91' lang='lat' dir='ltr'>mus</span> <span class='ocrx_word' id='word_1_238' title='bbox 345 3242 579 3322; x_wconf 90' lang='lat' dir='ltr'>concedendas,</span> <span class='ocrx_word' id='word_1_239' title='bbox 603 3241 681 3323; x_wconf 86' lang='lat' dir='ltr'>juris</span> <span class='ocrx_word' id='word_1_240' title='bbox 716 3241 859 3325; x_wconf 90' lang='lat' dir='ltr'>ipsorum</span> <span class='ocrx_word' id='word_1_241' title='bbox 884 3241 1025 3303; x_wconf 93' lang='lat' dir='ltr'>uberiori</span> <span class='ocrx_word' id='word_1_242' title='bbox 1048 3260 1107 3322; x_wconf 88' lang='lat' dir='ltr'>pro</span> <span class='ocrx_word' id='word_1_243' title='bbox 1132 3241 1265 3321; x_wconf 89' lang='lat' dir='ltr'>cautela,</span> <span class='ocrx_word' id='word_1_244' title='bbox 1298 3241 1412 3305; x_wconf 93' lang='lat' dir='ltr'>harum</span> <span class='ocrx_word' id='word_1_245' title='bbox 1445 3264 1502 3306; x_wconf 95' lang='lat' dir='ltr'>no·</span> 
     </span>
     <span class='ocr_line' id='line_1_29' title="bbox 237 3346 1502 3429; baseline 0.001 -18"><span class='ocrx_word' id='word_1_246' title='bbox 237 3363 372 3411; x_wconf 91' lang='lat' dir='ltr'>strarum</span> <span class='ocrx_word' id='word_1_247' title='bbox 397 3348 508 3429; x_wconf 88' lang='lat' dir='ltr'>vigore</span> <span class='ocrx_word' id='word_1_248' title='bbox 532 3361 563 3410; x_wconf 89' lang='lat' dir='ltr'>et</span> <span class='ocrx_word' id='word_1_249' title='bbox 587 3348 774 3410; x_wconf 92' lang='lat' dir='ltr'>testimonio</span> <span class='ocrx_word' id='word_1_250' title='bbox 798 3348 963 3410; x_wconf 88' lang='lat' dir='ltr'>literarum</span> <span class='ocrx_word' id='word_1_251' title='bbox 986 3346 1158 3408; x_wconf 91' lang='lat' dir='ltr'>mediante.</span> <span class='ocrx_word' id='word_1_252' title='bbox 1177 3347 1296 3410; x_wconf 92' lang='lat' dir='ltr'>Datum</span> <span class='ocrx_word' id='word_1_253' title='bbox 1321 3348 1399 3411; x_wconf 82' lang='lat' dir='ltr'>feria</span> <span class='ocrx_word' id='word_1_254' title='bbox 1415 3363 1502 3413; x_wconf 83' lang='lat' dir='ltr'>sexta</span> 
     </span>
     <span class='ocr_line' id='line_1_30' title="bbox 236 3452 1502 3538; baseline 0.001 -22"><span class='ocrx_word' id='word_1_255' title='bbox 236 3455 381 3538; x_wconf 84' lang='lat' dir='ltr'>proxima</span> <span class='ocrx_word' id='word_1_256' title='bbox 405 3467 478 3536; x_wconf 89' lang='lat' dir='ltr'>post</span> <span class='ocrx_word' id='word_1_257' title='bbox 501 3452 617 3516; x_wconf 86' lang='lat' dir='ltr'>festum</span> <span class='ocrx_word' id='word_1_258' title='bbox 643 3453 850 3516; x_wconf 85' lang='lat' dir='ltr'>exaltacionis</span> <span class='ocrx_word' id='word_1_259' title='bbox 873 3465 980 3515; x_wconf 89' lang='lat' dir='ltr'>sancte</span> <span class='ocrx_word' id='word_1_260' title='bbox 1007 3452 1129 3515; x_wconf 87' lang='lat' dir='ltr'>Crucis.</span> <span class='ocrx_word' id='word_1_261' title='bbox 1162 3456 1258 3515; x_wconf 85' lang='lat' dir='ltr'>Anno</span> <span class='ocrx_word' id='word_1_262' title='bbox 1282 3453 1406 3517; x_wconf 92' lang='lat' dir='ltr'>domini</span> <span class='ocrx_word' id='word_1_263' title='bbox 1429 3455 1502 3517; x_wconf 89' lang='lat' dir='ltr'>mil-</span> 
     </span>
     <span class='ocr_line' id='line_1_31' title="bbox 237 3558 831 3641; baseline -0.002 -18"><span class='ocrx_word' id='word_1_264' title='bbox 237 3561 351 3623; x_wconf 92' lang='lat' dir='ltr'>lesimo</span> <span class='ocrx_word' id='word_1_265' title='bbox 374 3559 635 3641; x_wconf 88' lang='lat' dir='ltr'>quingentesimo</span> <span class='ocrx_word' id='word_1_266' title='bbox 659 3558 831 3622; x_wconf 90' lang='lat' dir='ltr'>sedecimo.</span> 
     </span>
    </p>
   </div>
   <div class='ocr_carea' id='block_1_4' title="bbox 236 3679 1502 3823">
    <p class='ocr_par' dir='ltr' id='par_1_4' title="bbox 236 3679 1502 3823">
     <span class='ocr_line' id='line_1_32' title="bbox 343 3679 1502 3749; baseline -0.001 -17"><span class='ocrx_word' id='word_1_267' title='bbox 343 3681 479 3746; x_wconf 82' lang='lat' dir='ltr'>originale</span> <span class='ocrx_word' id='word_1_268' title='bbox 497 3682 522 3733; x_wconf 85' lang='lat' dir='ltr'>in</span> <span class='ocrx_word' id='word_1_269' title='bbox 541 3682 640 3741; x_wconf 83' lang='lat' dir='ltr'>charta,</span> <span class='ocrx_word' id='word_1_270' title='bbox 664 3696 679 3732; x_wconf 83' lang='lat' dir='ltr'>a</span> <span class='ocrx_word' id='word_1_271' title='bbox 701 3686 779 3747; x_wconf 85' lang='lat' dir='ltr'>tergo</span> <span class='ocrx_word' id='word_1_272' title='bbox 799 3679 941 3746; x_wconf 82' lang='lat' dir='ltr'>vestigium</span> <span class='ocrx_word' id='word_1_273' title='bbox 957 3680 1049 3747; x_wconf 83' lang='lat' dir='ltr'>sigilli.</span> <span class='ocrx_word' id='word_1_274' title='bbox 1072 3680 1100 3732; x_wconf 90' lang='lat' dir='ltr'>ln</span> <span class='ocrx_word' id='word_1_275' title='bbox 1122 3680 1219 3734; x_wconf 82' lang='lat' dir='ltr'>archiv.</span> <span class='ocrx_word' id='word_1_276' title='bbox 1242 3682 1369 3734; x_wconf 82' lang='lat' dir='ltr'>honorab.</span> <span class='ocrx_word' id='word_1_277' title='bbox 1385 3680 1502 3749; x_wconf 79' lang='lat' dir='ltr'>collegii.</span> 
     </span>
     <span class='ocr_line' id='line_1_33' title="bbox 236 3770 498 3823; baseline 0.011 -3"><span class='ocrx_word' id='word_1_278' title='bbox 236 3770 498 3823; x_wconf 82' lang='lat' dir='ltr'>Praebendariorum.</span> 
     </span>
    </p>
   </div>
   <div class='ocr_carea' id='block_1_5' title="bbox 828 3982 909 4047">
    <p class='ocr_par' dir='ltr' id='par_1_5' title="bbox 828 3982 909 4047">
     <span class='ocr_line' id='line_1_34' title="bbox 828 3982 909 4047; baseline -0.012 -1"><span class='ocrx_word' id='word_1_279' title='bbox 828 3982 909 4047; x_wconf 78' lang='lat'>1³2.</span> 
     </span>
    </p>
   </div>
   <div class='ocr_carea' id='block_1_6' title="bbox 344 4138 913 4202">
    <p class='ocr_par' dir='ltr' id='par_1_6' title="bbox 344 4138 913 4202">
     <span class='ocr_line' id='line_1_35' title="bbox 344 4138 913 4202; baseline 0.002 -12"><span class='ocrx_word' id='word_1_280' title='bbox 344 4139 422 4191; x_wconf 82' lang='lat' dir='ltr'>Anno</span> <span class='ocrx_word' id='word_1_281' title='bbox 445 4139 519 4191; x_wconf 88' lang='lat'>1516.</span> <span class='ocrx_word' id='word_1_282' title='bbox 541 4139 583 4190; x_wconf 81' lang='lat'>22.</span> <span class='ocrx_word' id='word_1_283' title='bbox 603 4139 772 4202; x_wconf 88' lang='lat' dir='ltr'>septembris.</span> <span class='ocrx_word' id='word_1_284' title='bbox 792 4138 913 4192; x_wconf 88' lang='lat' dir='ltr'>Viterbii.</span> 
     </span>
    </p>
   </div>
   <div class='ocr_carea' id='block_1_7' title="bbox 236 4266 1502 4552">
    <p class='ocr_par' dir='ltr' id='par_1_7' title="bbox 236 4266 1502 4552">
     <span class='ocr_line' id='line_1_36' title="bbox 237 4266 1502 4344; baseline 0.004 -21"><span class='ocrx_word' id='word_1_285' title='bbox 237 4266 296 4323; x_wconf 72' lang='lat' dir='ltr'>Lm</span> <span class='ocrx_word' id='word_1_286' title='bbox 319 4266 355 4325; x_wconf 91' lang='lat' dir='ltr'>X.</span> <span class='ocrx_word' id='word_1_287' title='bbox 375 4274 457 4340; x_wconf 83' lang='lat' dir='ltr'>papa</span> <span class='ocrx_word' id='word_1_288' title='bbox 480 4266 647 4339; x_wconf 73' lang='lat' dir='ltr'>dtgnt&#39;tariis</span> <span class='ocrx_word' id='word_1_289' title='bbox 669 4267 791 4339; x_wconf 80' lang='lat' dir='ltr'>capituli</span> <span class='ocrx_word' id='word_1_290' title='bbox 816 4266 976 4326; x_wconf 80' lang='lat' dir='ltr'>Casmcmis</span> <span class='ocrx_word' id='word_1_291' title='bbox 991 4268 1084 4343; x_wconf 80' lang='lat' dir='ltr'>jubet,</span> <span class='ocrx_word' id='word_1_292' title='bbox 1110 4276 1144 4325; x_wconf 82' lang='lat' dir='ltr'>ut</span> <span class='ocrx_word' id='word_1_293' title='bbox 1163 4270 1261 4342; x_wconf 84' lang='lat' dir='ltr'>finem</span> <span class='ocrx_word' id='word_1_294' title='bbox 1283 4270 1406 4344; x_wconf 84' lang='lat' dir='ltr'>faciant</span> <span class='ocrx_word' id='word_1_295' title='bbox 1432 4271 1502 4342; x_wconf 80' lang='lat' dir='ltr'>litr‘s,</span> 
     </span>
     <span class='ocr_line' id='line_1_37' title="bbox 236 4372 1502 4447; baseline 0.003 -17"><span class='ocrx_word' id='word_1_296' title='bbox 236 4391 290 4447; x_wconf 83' lang='lat' dir='ltr'>que</span> <span class='ocrx_word' id='word_1_297' title='bbox 312 4374 388 4430; x_wconf 81' lang='lat' dir='ltr'>inter</span> <span class='ocrx_word' id='word_1_298' title='bbox 409 4374 557 4447; x_wconf 80' lang='lat' dir='ltr'>collegium</span> <span class='ocrx_word' id='word_1_299' title='bbox 575 4372 852 4446; x_wconf 81' lang='lat' dir='ltr'>praebendariorum</span> <span class='ocrx_word' id='word_1_300' title='bbox 874 4381 903 4430; x_wconf 83' lang='lat' dir='ltr'>et</span> <span class='ocrx_word' id='word_1_301' title='bbox 918 4375 1113 4447; x_wconf 75' lang='lat' dir='ltr'>praepostium</span> <span class='ocrx_word' id='word_1_302' title='bbox 1132 4375 1158 4433; x_wconf 84' lang='lat' dir='ltr'>b.</span> <span class='ocrx_word' id='word_1_303' title='bbox 1183 4392 1210 4434; x_wconf 83' lang='lat' dir='ltr'>v.</span> <span class='ocrx_word' id='word_1_304' title='bbox 1226 4375 1329 4434; x_wconf 70' lang='lat' dir='ltr'>Maria</span> <span class='ocrx_word' id='word_1_305' title='bbox 1344 4374 1378 4432; x_wconf 84' lang='lat' dir='ltr'>de</span> <span class='ocrx_word' id='word_1_306' title='bbox 1400 4375 1502 4434; x_wconf 85' lang='lat' dir='ltr'>balneo</span> 
     </span>
     <span class='ocr_line' id='line_1_38' title="bbox 814 4479 922 4552; baseline 0.037 -18"><span class='ocrx_word' id='word_1_307' title='bbox 814 4479 922 4552; x_wconf 81' lang='lat' dir='ltr'>agitur.</span> 
     </span>
    </p>
   </div>
   <div class='ocr_carea' id='block_1_8' title="bbox 237 4597 1500 4894">
    <p class='ocr_par' dir='ltr' id='par_1_8' title="bbox 237 4597 1500 4894">
     <span class='ocr_line' id='line_1_39' title="bbox 344 4597 1500 4679; baseline 0.004 -21"><span class='ocrx_word' id='word_1_308' title='bbox 344 4597 411 4658; x_wconf 89' lang='lat' dir='ltr'>Leo</span> <span class='ocrx_word' id='word_1_309' title='bbox 435 4617 517 4679; x_wconf 89' lang='lat' dir='ltr'>papa</span> <span class='ocrx_word' id='word_1_310' title='bbox 541 4597 697 4661; x_wconf 88' lang='lat' dir='ltr'>decimus.</span> <span class='ocrx_word' id='word_1_311' title='bbox 722 4598 855 4661; x_wconf 88' lang='lat' dir='ltr'>Dilectis</span> <span class='ocrx_word' id='word_1_312' title='bbox 878 4598 952 4662; x_wconf 91' lang='lat' dir='ltr'>filiis</span> <span class='ocrx_word' id='word_1_313' title='bbox 976 4600 1088 4662; x_wconf 90' lang='lat' dir='ltr'>lectori</span> <span class='ocrx_word' id='word_1_314' title='bbox 1113 4612 1144 4661; x_wconf 90' lang='lat' dir='ltr'>et</span> <span class='ocrx_word' id='word_1_315' title='bbox 1167 4601 1288 4662; x_wconf 89' lang='lat' dir='ltr'>cantori</span> <span class='ocrx_word' id='word_1_316' title='bbox 1314 4620 1349 4662; x_wconf 97' lang='lat' dir='ltr'>ac</span> <span class='ocrx_word' id='word_1_317' title='bbox 1374 4601 1500 4663; x_wconf 89' lang='lat' dir='ltr'>custodi</span> 
     </span>
     <span class='ocr_line' id='line_1_40' title="bbox 237 4702 1499 4787; baseline 0.004 -23"><span class='ocrx_word' id='word_1_318' title='bbox 237 4702 369 4765; x_wconf 89' lang='lat' dir='ltr'>ecclesie</span> <span class='ocrx_word' id='word_1_319' title='bbox 393 4702 598 4783; x_wconf 87' lang='lat' dir='ltr'>chasmensis,</span> <span class='ocrx_word' id='word_1_320' title='bbox 622 4704 837 4787; x_wconf 89' lang='lat' dir='ltr'>zagrabiensis</span> <span class='ocrx_word' id='word_1_321' title='bbox 860 4704 1008 4785; x_wconf 90' lang='lat' dir='ltr'>diocesis,</span> <span class='ocrx_word' id='word_1_322' title='bbox 1032 4718 1063 4768; x_wconf 92' lang='lat' dir='ltr'>et</span> <span class='ocrx_word' id='word_1_323' title='bbox 1087 4725 1199 4767; x_wconf 91' lang='lat' dir='ltr'>eorum</span> <span class='ocrx_word' id='word_1_324' title='bbox 1223 4706 1364 4768; x_wconf 90' lang='lat' dir='ltr'>cuilibet.</span> <span class='ocrx_word' id='word_1_325' title='bbox 1382 4705 1499 4770; x_wconf 88' lang='lat' dir='ltr'>Dilecti</span> 
     </span>
     <span class='ocr_line' id='line_1_41' title="bbox 238 4805 1499 4894; baseline 0.005 -25"><span class='ocrx_word' id='word_1_326' title='bbox 238 4805 296 4869; x_wconf 85' lang='lat' dir='ltr'>filii</span> <span class='ocrx_word' id='word_1_327' title='bbox 320 4809 455 4871; x_wconf 92' lang='lat' dir='ltr'>salutem</span> <span class='ocrx_word' id='word_1_328' title='bbox 480 4823 511 4872; x_wconf 90' lang='lat' dir='ltr'>et</span> <span class='ocrx_word' id='word_1_329' title='bbox 534 4810 744 4893; x_wconf 88' lang='lat' dir='ltr'>apostolicam</span> <span class='ocrx_word' id='word_1_330' title='bbox 770 4809 1051 4874; x_wconf 80' lang='lat' dir='ltr'>benediccionem.¹</span> <span class='ocrx_word' id='word_1_331' title='bbox 1076 4811 1233 4874; x_wconf 87' lang='lat' dir='ltr'>Mittimus</span> <span class='ocrx_word' id='word_1_332' title='bbox 1256 4812 1348 4874; x_wconf 86' lang='lat' dir='ltr'>vobis</span> <span class='ocrx_word' id='word_1_333' title='bbox 1377 4812 1499 4894; x_wconf 92' lang='lat' dir='ltr'>suppli·</span> 
     </span>
    </p>
   </div>
   <div class='ocr_carea' id='block_1_9' title="bbox 858 5026 865 5061">
    <p class='ocr_par' dir='ltr' id='par_1_9' title="bbox 858 5026 865 5061">
     <span class='ocr_line' id='line_1_42' title="bbox 858 5026 865 5061; baseline 0 0"><span class='ocrx_word' id='word_1_334' title='bbox 858 5026 865 5061; x_wconf 84' lang='lat' dir='ltr'>l</span> 
     </span>
    </p>
   </div>
   <div class='ocr_carea' id='block_1_10' title="bbox 0 0 1740 5242">
    <p class='ocr_par' dir='ltr' id='par_1_10' title="bbox 0 0 1740 5242">
     <span class='ocr_line' id='line_1_43' title="bbox 0 0 1740 5242; baseline 0 0"><span class='ocrx_word' id='word_1_335' title='bbox 0 0 1740 5242; x_wconf 95' lang='lat' dir='ltr'> </span> 
     </span>
    </p>
   </div>
  </div>
 </body>
</html>
