<?xml version="1.0" encoding="UTF-8"?>
<!DOCTYPE html PUBLIC "-//W3C//DTD XHTML 1.0 Transitional//EN"
    "http://www.w3.org/TR/xhtml1/DTD/xhtml1-transitional.dtd">
<html xmlns="http://www.w3.org/1999/xhtml" xml:lang="en" lang="en">
 <head>
  <title>
</title>
<meta http-equiv="Content-Type" content="text/html;charset=utf-8" />
  <meta name='ocr-system' content='tesseract 3.04.00' />
  <meta name='ocr-capabilities' content='ocr_page ocr_carea ocr_par ocr_line ocrx_word'/>
</head>
<body>
  <div class='ocr_page' id='page_1' title='image "./monumentahistor12laszgoog_0215.png"; bbox 0 0 3472 5242; ppageno 0'>
   <div class='ocr_carea' id='block_1_1' title="bbox 249 368 1117 449">
    <p class='ocr_par' dir='ltr' id='par_1_1' title="bbox 249 368 1117 449">
     <span class='ocr_line' id='line_1_1' title="bbox 249 368 1117 449; baseline 0.006 -20"><span class='ocrx_word' id='word_1_1' title='bbox 249 369 292 449; x_wconf 91' lang='lat'>84</span> <span class='ocrx_word' id='word_1_2' title='bbox 640 373 714 434; x_wconf 88' lang='lat' dir='ltr'>Doc.</span> <span class='ocrx_word' id='word_1_3' title='bbox 737 368 789 447; x_wconf 83' lang='lat'>78,</span> <span class='ocrx_word' id='word_1_4' title='bbox 811 383 861 448; x_wconf 85' lang='lat'>79.</span> <span class='ocrx_word' id='word_1_5' title='bbox 887 405 929 414; x_wconf 89' lang='lat'>-</span> <span class='ocrx_word' id='word_1_6' title='bbox 953 375 1008 434; x_wconf 82' lang='lat' dir='ltr'>Au.</span> <span class='ocrx_word' id='word_1_7' title='bbox 1033 386 1117 448; x_wconf 80' lang='lat'><em>1510.</em></span> 
     </span>
    </p>
   </div>
   <div class='ocr_carea' id='block_1_2' title="bbox 353 602 909 806">
    <p class='ocr_par' dir='ltr' id='par_1_2' title="bbox 353 602 909 806">
     <span class='ocr_line' id='line_1_2' title="bbox 849 602 909 670; baseline -0.1 0"><span class='ocrx_word' id='word_1_8' title='bbox 849 602 909 670; x_wconf 80' lang='grc'>78.</span> 
     </span>
     <span class='ocr_line' id='line_1_3' title="bbox 353 739 827 806; baseline 0.006 -15"><span class='ocrx_word' id='word_1_9' title='bbox 353 741 428 792; x_wconf 82' lang='lat' dir='ltr'>Anno</span> <span class='ocrx_word' id='word_1_10' title='bbox 450 741 525 806; x_wconf 87' lang='lat'>1510,</span> <span class='ocrx_word' id='word_1_11' title='bbox 547 743 586 792; x_wconf 84' lang='lat'>17.</span> <span class='ocrx_word' id='word_1_12' title='bbox 603 739 670 805; x_wconf 89' lang='lat' dir='ltr'>julii.</span> <span class='ocrx_word' id='word_1_13' title='bbox 690 741 717 792; x_wconf 93' lang='lat' dir='ltr'>ln</span> <span class='ocrx_word' id='word_1_14' title='bbox 736 739 827 796; x_wconf 82' lang='lat' dir='ltr'>Thata.</span> 
     </span>
    </p>
   </div>
   <div class='ocr_carea' id='block_1_3' title="bbox 354 853 1615 946">
    <p class='ocr_par' dir='ltr' id='par_1_3' title="bbox 354 853 1615 946">
     <span class='ocr_line' id='line_1_4' title="bbox 354 853 1615 946; baseline 0.001 -21"><span class='ocrx_word' id='word_1_15' title='bbox 354 864 554 926; x_wconf 86' lang='lat' dir='ltr'>Wladislaus</span> <span class='ocrx_word' id='word_1_16' title='bbox 593 885 645 926; x_wconf 86' lang='lat' dir='ltr'>rex</span> <span class='ocrx_word' id='word_1_17' title='bbox 684 865 823 946; x_wconf 87' lang='lat' dir='ltr'>capitulo</span> <span class='ocrx_word' id='word_1_18' title='bbox 862 866 980 944; x_wconf 85' lang='lat' dir='ltr'>scribit,</span> <span class='ocrx_word' id='word_1_19' title='bbox 1019 865 1178 926; x_wconf 88' lang='lat' dir='ltr'>civitatem</span> <span class='ocrx_word' id='word_1_20' title='bbox 1218 865 1383 945; x_wconf 85' lang='lat' dir='ltr'>conqueri,</span> <span class='ocrx_word' id='word_1_21' title='bbox 1425 865 1513 946; x_wconf 94' lang='lat' dir='ltr'>quod</span> <span class='ocrx_word' id='word_1_22' title='bbox 1614 853 1615 856; x_wconf 24' lang='lat'>¹</span> 
     </span>
    </p>
   </div>
   <div class='ocr_carea' id='block_1_4' title="bbox 244 969 1514 1581">
    <p class='ocr_par' dir='ltr' id='par_1_4' title="bbox 244 969 1514 1581">
     <span class='ocr_line' id='line_1_5' title="bbox 246 969 1514 1052; baseline 0.002 -21"><span class='ocrx_word' id='word_1_23' title='bbox 246 985 371 1051; x_wconf 90' lang='lat' dir='ltr'>praeter</span> <span class='ocrx_word' id='word_1_24' title='bbox 401 985 541 1032; x_wconf 87' lang='lat' dir='ltr'>caeteras</span> <span class='ocrx_word' id='word_1_25' title='bbox 573 970 705 1050; x_wconf 84' lang='lat' dir='ltr'>injurias</span> <span class='ocrx_word' id='word_1_26' title='bbox 735 969 841 1032; x_wconf 86' lang='lat' dir='ltr'>lorum</span> <span class='ocrx_word' id='word_1_27' title='bbox 873 972 1008 1033; x_wconf 88' lang='lat' dir='ltr'>civitatis</span> <span class='ocrx_word' id='word_1_28' title='bbox 1039 971 1238 1032; x_wconf 89' lang='lat' dir='ltr'>ordinarium</span> <span class='ocrx_word' id='word_1_29' title='bbox 1271 985 1452 1052; x_wconf 84' lang='lat' dir='ltr'>usurpasset</span> <span class='ocrx_word' id='word_1_30' title='bbox 1484 984 1514 1033; x_wconf 88' lang='lat' dir='ltr'>et</span> 
     </span>
     <span class='ocr_line' id='line_1_6' title="bbox 246 1074 1513 1155; baseline 0.002 -18"><span class='ocrx_word' id='word_1_31' title='bbox 246 1091 438 1139; x_wconf 82' lang='lat' dir='ltr'>mercatores</span> <span class='ocrx_word' id='word_1_32' title='bbox 467 1096 503 1137; x_wconf 87' lang='lat' dir='ltr'>ex</span> <span class='ocrx_word' id='word_1_33' title='bbox 538 1076 664 1137; x_wconf 86' lang='lat' dir='ltr'>civitate</span> <span class='ocrx_word' id='word_1_34' title='bbox 696 1074 872 1138; x_wconf 89' lang='lat' dir='ltr'>aedificatis</span> <span class='ocrx_word' id='word_1_35' title='bbox 900 1077 1150 1154; x_wconf 88' lang='lat' dir='ltr'>testitudinibus,</span> <span class='ocrx_word' id='word_1_36' title='bbox 1182 1075 1394 1155; x_wconf 85' lang='lat' dir='ltr'>divertissent,</span> <span class='ocrx_word' id='word_1_37' title='bbox 1427 1077 1513 1139; x_wconf 92' lang='lat' dir='ltr'>unde</span> 
     </span>
     <span class='ocr_line' id='line_1_7' title="bbox 247 1182 1512 1264; baseline 0.001 -22"><span class='ocrx_word' id='word_1_38' title='bbox 247 1183 342 1243; x_wconf 88' lang='lat' dir='ltr'>etiam</span> <span class='ocrx_word' id='word_1_39' title='bbox 368 1183 490 1259; x_wconf 88' lang='lat' dir='ltr'>civitas,</span> <span class='ocrx_word' id='word_1_40' title='bbox 515 1182 638 1243; x_wconf 89' lang='lat' dir='ltr'>civibus</span> <span class='ocrx_word' id='word_1_41' title='bbox 660 1182 701 1243; x_wconf 90' lang='lat' dir='ltr'>ad</span> <span class='ocrx_word' id='word_1_42' title='bbox 724 1182 912 1264; x_wconf 82' lang='lat' dir='ltr'>Capitulum</span> <span class='ocrx_word' id='word_1_43' title='bbox 935 1183 1183 1260; x_wconf 90' lang='lat' dir='ltr'>transeuntibus,</span> <span class='ocrx_word' id='word_1_44' title='bbox 1200 1182 1407 1260; x_wconf 83' lang='lat' dir='ltr'>desolaretur,</span> <span class='ocrx_word' id='word_1_45' title='bbox 1424 1183 1512 1264; x_wconf 92' lang='lat' dir='ltr'>quod</span> 
     </span>
     <span class='ocr_line' id='line_1_8' title="bbox 246 1287 1512 1370; baseline 0.002 -22"><span class='ocrx_word' id='word_1_46' title='bbox 246 1300 352 1349; x_wconf 90' lang='lat' dir='ltr'>tamen</span> <span class='ocrx_word' id='word_1_47' title='bbox 384 1287 563 1349; x_wconf 85' lang='lat' dir='ltr'>defensioni</span> <span class='ocrx_word' id='word_1_48' title='bbox 595 1288 684 1369; x_wconf 91' lang='lat' dir='ltr'>regni</span> <span class='ocrx_word' id='word_1_49' title='bbox 716 1302 772 1366; x_wconf 93' lang='lat' dir='ltr'>est,</span> <span class='ocrx_word' id='word_1_50' title='bbox 804 1288 881 1349; x_wconf 86' lang='lat' dir='ltr'>haec</span> <span class='ocrx_word' id='word_1_51' title='bbox 913 1288 1020 1368; x_wconf 91' lang='lat' dir='ltr'>itaque</span> <span class='ocrx_word' id='word_1_52' title='bbox 1053 1287 1220 1370; x_wconf 87' lang='lat' dir='ltr'>prohibet;</span> <span class='ocrx_word' id='word_1_53' title='bbox 1252 1289 1331 1350; x_wconf 86' lang='lat' dir='ltr'>alias</span> <span class='ocrx_word' id='word_1_54' title='bbox 1363 1289 1512 1368; x_wconf 89' lang='lat' dir='ltr'>minatur,</span> 
     </span>
     <span class='ocr_line' id='line_1_9' title="bbox 246 1392 1510 1477; baseline 0.002 -24"><span class='ocrx_word' id='word_1_55' title='bbox 246 1394 321 1455; x_wconf 89' lang='lat' dir='ltr'>visis</span> <span class='ocrx_word' id='word_1_56' title='bbox 344 1395 480 1456; x_wconf 85' lang='lat' dir='ltr'>civitatis</span> <span class='ocrx_word' id='word_1_57' title='bbox 505 1394 627 1474; x_wconf 89' lang='lat' dir='ltr'>juribus</span> <span class='ocrx_word' id='word_1_58' title='bbox 650 1395 710 1476; x_wconf 92' lang='lat' dir='ltr'>ipsi</span> <span class='ocrx_word' id='word_1_59' title='bbox 735 1394 884 1455; x_wconf 91' lang='lat' dir='ltr'>daturum</span> <span class='ocrx_word' id='word_1_60' title='bbox 910 1394 1087 1456; x_wconf 90' lang='lat' dir='ltr'>libertatem</span> <span class='ocrx_word' id='word_1_61' title='bbox 1111 1413 1143 1454; x_wconf 90' lang='lat' dir='ltr'>se</span> <span class='ocrx_word' id='word_1_62' title='bbox 1168 1392 1362 1455; x_wconf 86' lang='lat' dir='ltr'>defendendi</span> <span class='ocrx_word' id='word_1_63' title='bbox 1386 1395 1418 1455; x_wconf 90' lang='lat' dir='ltr'>in</span> <span class='ocrx_word' id='word_1_64' title='bbox 1443 1395 1510 1477; x_wconf 89' lang='lat' dir='ltr'>pari</span> 
     </span>
     <span class='ocr_line' id='line_1_10' title="bbox 244 1497 1352 1581; baseline 0.001 -20"><span class='ocrx_word' id='word_1_65' title='bbox 244 1500 385 1562; x_wconf 89' lang='lat' dir='ltr'>brachio.</span> <span class='ocrx_word' id='word_1_66' title='bbox 410 1501 443 1562; x_wconf 93' lang='lat' dir='ltr'>ln</span> <span class='ocrx_word' id='word_1_67' title='bbox 469 1500 574 1561; x_wconf 87' lang='lat' dir='ltr'>Thata</span> <span class='ocrx_word' id='word_1_68' title='bbox 598 1498 676 1561; x_wconf 83' lang='lat' dir='ltr'>feria</span> <span class='ocrx_word' id='word_1_69' title='bbox 701 1513 812 1581; x_wconf 88' lang='lat' dir='ltr'>quarta</span> <span class='ocrx_word' id='word_1_70' title='bbox 837 1514 908 1581; x_wconf 93' lang='lat' dir='ltr'>post</span> <span class='ocrx_word' id='word_1_71' title='bbox 932 1497 1048 1561; x_wconf 81' lang='lat' dir='ltr'>festum</span> <span class='ocrx_word' id='word_1_72' title='bbox 1072 1519 1097 1561; x_wconf 90' lang='lat' dir='ltr'>s.</span> <span class='ocrx_word' id='word_1_73' title='bbox 1122 1499 1352 1581; x_wconf 88' lang='lat' dir='ltr'>Margarethae.</span> 
     </span>
    </p>
   </div>
   <div class='ocr_carea' id='block_1_5' title="bbox 351 1653 818 1721">
    <p class='ocr_par' dir='ltr' id='par_1_5' title="bbox 351 1653 818 1721">
     <span class='ocr_line' id='line_1_11' title="bbox 351 1653 818 1721; baseline 0.002 -13"><span class='ocrx_word' id='word_1_74' title='bbox 351 1653 519 1710; x_wconf 72' lang='lat' dir='ltr'>llarcelovid.</span> <span class='ocrx_word' id='word_1_75' title='bbox 537 1656 663 1721; x_wconf 82' lang='lat' dir='ltr'>Regesta,</span> <span class='ocrx_word' id='word_1_76' title='bbox 683 1662 710 1708; x_wconf 87' lang='lat' dir='ltr'>ut</span> <span class='ocrx_word' id='word_1_77' title='bbox 730 1671 818 1721; x_wconf 87' lang='lat' dir='ltr'>supra.</span> 
     </span>
    </p>
   </div>
   <div class='ocr_carea' id='block_1_6' title="bbox 846 1887 908 1955">
    <p class='ocr_par' dir='ltr' id='par_1_6' title="bbox 846 1887 908 1955">
     <span class='ocr_line' id='line_1_12' title="bbox 846 1887 908 1955; baseline -0.065 0"><span class='ocrx_word' id='word_1_78' title='bbox 846 1887 908 1955; x_wconf 79' lang='lat'>79.</span> 
     </span>
    </p>
   </div>
   <div class='ocr_carea' id='block_1_7' title="bbox 349 2026 883 2092">
    <p class='ocr_par' dir='ltr' id='par_1_7' title="bbox 349 2026 883 2092">
     <span class='ocr_line' id='line_1_13' title="bbox 349 2026 883 2092; baseline 0.004 -13"><span class='ocrx_word' id='word_1_79' title='bbox 349 2029 423 2079; x_wconf 78' lang='lat' dir='ltr'>Anno</span> <span class='ocrx_word' id='word_1_80' title='bbox 445 2028 519 2091; x_wconf 85' lang='lat'>1510,</span> <span class='ocrx_word' id='word_1_81' title='bbox 540 2030 566 2082; x_wconf 85' lang='lat'>8.</span> <span class='ocrx_word' id='word_1_82' title='bbox 585 2028 753 2092; x_wconf 86' lang='lat' dir='ltr'>septembris.</span> <span class='ocrx_word' id='word_1_83' title='bbox 773 2026 883 2081; x_wconf 78' lang='lat' dir='ltr'>Nitriae.</span> 
     </span>
    </p>
   </div>
   <div class='ocr_carea' id='block_1_8' title="bbox 243 2155 1510 2440">
    <p class='ocr_par' dir='ltr' id='par_1_8' title="bbox 243 2155 1510 2440">
     <span class='ocr_line' id='line_1_14' title="bbox 254 2155 1510 2234; baseline 0.002 -23"><span class='ocrx_word' id='word_1_84' title='bbox 254 2155 428 2225; x_wconf 84' lang='lat' dir='ltr'>Vlodislaus,</span> <span class='ocrx_word' id='word_1_85' title='bbox 445 2156 624 2229; x_wconf 78' lang='lat' dir='ltr'>Huugarroe</span> <span class='ocrx_word' id='word_1_86' title='bbox 646 2163 694 2212; x_wconf 88' lang='lat' dir='ltr'>etc.</span> <span class='ocrx_word' id='word_1_87' title='bbox 711 2173 774 2225; x_wconf 80' lang='lat' dir='ltr'>rex,</span> <span class='ocrx_word' id='word_1_88' title='bbox 789 2157 993 2228; x_wconf 74' lang='lat' dir='ltr'>protonotario</span> <span class='ocrx_word' id='word_1_89' title='bbox 1015 2158 1104 2234; x_wconf 76' lang='lat' dir='ltr'>regui</span> <span class='ocrx_word' id='word_1_90' title='bbox 1121 2155 1286 2232; x_wconf 85' lang='lat' dir='ltr'>Slaoouioe,</span> <span class='ocrx_word' id='word_1_91' title='bbox 1302 2155 1510 2232; x_wconf 66' lang='lat' dir='ltr'>judicibusque</span> 
     </span>
     <span class='ocr_line' id='line_1_15' title="bbox 243 2258 1509 2337; baseline 0.002 -21"><span class='ocrx_word' id='word_1_92' title='bbox 243 2261 386 2319; x_wconf 83' lang='lat' dir='ltr'>nobilium</span> <span class='ocrx_word' id='word_1_93' title='bbox 420 2261 550 2329; x_wconf 84' lang='lat' dir='ltr'>mundat,</span> <span class='ocrx_word' id='word_1_94' title='bbox 574 2268 608 2316; x_wconf 87' lang='lat' dir='ltr'>ut</span> <span class='ocrx_word' id='word_1_95' title='bbox 635 2268 805 2333; x_wconf 82' lang='lat' dir='ltr'>cognoscant</span> <span class='ocrx_word' id='word_1_96' title='bbox 831 2279 960 2335; x_wconf 85' lang='lat' dir='ltr'>causam,</span> <span class='ocrx_word' id='word_1_97' title='bbox 984 2279 1060 2334; x_wconf 81' lang='lat' dir='ltr'>quae</span> <span class='ocrx_word' id='word_1_98' title='bbox 1088 2261 1123 2318; x_wconf 84' lang='lat' dir='ltr'>de</span> <span class='ocrx_word' id='word_1_99' title='bbox 1136 2258 1209 2337; x_wconf 84' lang='lat' dir='ltr'>fori</span> <span class='ocrx_word' id='word_1_100' title='bbox 1234 2263 1293 2319; x_wconf 88' lang='lat' dir='ltr'>loco</span> <span class='ocrx_word' id='word_1_101' title='bbox 1315 2269 1509 2336; x_wconf 77' lang='lat' dir='ltr'>vetustateque</span> 
     </span>
     <span class='ocr_line' id='line_1_16' title="bbox 459 2365 1297 2440; baseline 0.005 -19"><span class='ocrx_word' id='word_1_102' title='bbox 459 2368 535 2423; x_wconf 81' lang='lat' dir='ltr'>inter</span> <span class='ocrx_word' id='word_1_103' title='bbox 557 2366 716 2439; x_wconf 79' lang='lat' dir='ltr'>capitulum</span> <span class='ocrx_word' id='word_1_104' title='bbox 738 2375 766 2424; x_wconf 84' lang='lat' dir='ltr'>et</span> <span class='ocrx_word' id='word_1_105' title='bbox 787 2368 1013 2425; x_wconf 84' lang='lat' dir='ltr'>communitatem</span> <span class='ocrx_word' id='word_1_106' title='bbox 1036 2365 1166 2424; x_wconf 71' lang='lat' dir='ltr'>ciuitates</span> <span class='ocrx_word' id='word_1_107' title='bbox 1188 2368 1297 2440; x_wconf 76' lang='lat' dir='ltr'>agatur.</span> 
     </span>
    </p>
   </div>
   <div class='ocr_carea' id='block_1_9' title="bbox 167 2503 1509 4892">
    <p class='ocr_par' dir='ltr' id='par_1_9' title="bbox 167 2503 1509 4892">
     <span class='ocr_line' id='line_1_17' title="bbox 347 2503 1509 2586; baseline 0.004 -23"><span class='ocrx_word' id='word_1_108' title='bbox 347 2503 545 2565; x_wconf 90' lang='lat' dir='ltr'>Wladislaus</span> <span class='ocrx_word' id='word_1_109' title='bbox 569 2504 620 2565; x_wconf 93' lang='lat' dir='ltr'>dei</span> <span class='ocrx_word' id='word_1_110' title='bbox 642 2504 748 2585; x_wconf 85' lang='lat' dir='ltr'>gracia</span> <span class='ocrx_word' id='word_1_111' title='bbox 772 2525 826 2566; x_wconf 88' lang='lat' dir='ltr'>rex</span> <span class='ocrx_word' id='word_1_112' title='bbox 851 2505 1017 2586; x_wconf 89' lang='lat' dir='ltr'>Hungarie</span> <span class='ocrx_word' id='word_1_113' title='bbox 1040 2518 1070 2567; x_wconf 89' lang='lat' dir='ltr'>et</span> <span class='ocrx_word' id='word_1_114' title='bbox 1095 2504 1250 2567; x_wconf 91' lang='lat' dir='ltr'>Bohemie</span> <span class='ocrx_word' id='word_1_115' title='bbox 1267 2518 1325 2567; x_wconf 90' lang='lat' dir='ltr'>etc.</span> <span class='ocrx_word' id='word_1_116' title='bbox 1343 2505 1368 2566; x_wconf 86' lang='lat' dir='ltr'><strong>F</strong></span> <span class='ocrx_word' id='word_1_117' title='bbox 1371 2505 1509 2568; x_wconf 90' lang='lat' dir='ltr'>idelibus</span> 
     </span>
     <span class='ocr_line' id='line_1_18' title="bbox 241 2610 1508 2692; baseline 0.002 -21"><span class='ocrx_word' id='word_1_118' title='bbox 241 2611 356 2671; x_wconf 89' lang='lat' dir='ltr'>nostris</span> <span class='ocrx_word' id='word_1_119' title='bbox 382 2610 517 2691; x_wconf 84' lang='lat' dir='ltr'>egregiis</span> <span class='ocrx_word' id='word_1_120' title='bbox 542 2610 693 2692; x_wconf 89' lang='lat' dir='ltr'>magistro</span> <span class='ocrx_word' id='word_1_121' title='bbox 718 2610 887 2672; x_wconf 84' lang='lat' dir='ltr'>Francisco</span> <span class='ocrx_word' id='word_1_122' title='bbox 912 2610 951 2672; x_wconf 93' lang='lat' dir='ltr'>de</span> <span class='ocrx_word' id='word_1_123' title='bbox 974 2611 1125 2672; x_wconf 88' lang='lat' dir='ltr'>Marocha</span> <span class='ocrx_word' id='word_1_124' title='bbox 1147 2611 1322 2692; x_wconf 89' lang='lat' dir='ltr'>personalis</span> <span class='ocrx_word' id='word_1_125' title='bbox 1345 2613 1508 2692; x_wconf 86' lang='lat' dir='ltr'>presencie</span> 
     </span>
     <span class='ocr_line' id='line_1_19' title="bbox 241 2715 1506 2800; baseline 0.001 -23"><span class='ocrx_word' id='word_1_126' title='bbox 241 2729 346 2778; x_wconf 91' lang='lat' dir='ltr'>nostre</span> <span class='ocrx_word' id='word_1_127' title='bbox 380 2729 411 2778; x_wconf 92' lang='lat' dir='ltr'>et</span> <span class='ocrx_word' id='word_1_128' title='bbox 444 2718 532 2797; x_wconf 91' lang='lat' dir='ltr'>regni</span> <span class='ocrx_word' id='word_1_129' title='bbox 566 2718 664 2778; x_wconf 91' lang='lat' dir='ltr'>nostri</span> <span class='ocrx_word' id='word_1_130' title='bbox 699 2717 871 2779; x_wconf 89' lang='lat' dir='ltr'>Sclauonie</span> <span class='ocrx_word' id='word_1_131' title='bbox 904 2715 1147 2798; x_wconf 89' lang='lat' dir='ltr'>prothonotario</span> <span class='ocrx_word' id='word_1_132' title='bbox 1180 2737 1216 2778; x_wconf 89' lang='lat' dir='ltr'>ac</span> <span class='ocrx_word' id='word_1_133' title='bbox 1242 2718 1335 2778; x_wconf 90' lang='lat' dir='ltr'>Petro</span> <span class='ocrx_word' id='word_1_134' title='bbox 1360 2717 1506 2800; x_wconf 87' lang='lat' dir='ltr'>lmprych</span> 
     </span>
     <span class='ocr_line' id='line_1_20' title="bbox 241 2821 1508 2904; baseline 0.001 -22"><span class='ocrx_word' id='word_1_135' title='bbox 241 2821 281 2882; x_wconf 93' lang='lat' dir='ltr'>de</span> <span class='ocrx_word' id='word_1_136' title='bbox 312 2822 484 2904; x_wconf 88' lang='lat' dir='ltr'>Jamnycza</span> <span class='ocrx_word' id='word_1_137' title='bbox 517 2835 547 2883; x_wconf 92' lang='lat' dir='ltr'>et</span> <span class='ocrx_word' id='word_1_138' title='bbox 577 2822 711 2884; x_wconf 88' lang='lat' dir='ltr'>Nicolao</span> <span class='ocrx_word' id='word_1_139' title='bbox 737 2822 776 2883; x_wconf 91' lang='lat' dir='ltr'>de</span> <span class='ocrx_word' id='word_1_140' title='bbox 800 2823 944 2900; x_wconf 88' lang='lat' dir='ltr'>Pezerio,</span> <span class='ocrx_word' id='word_1_141' title='bbox 968 2821 1128 2903; x_wconf 90' lang='lat' dir='ltr'>judicibus</span> <span class='ocrx_word' id='word_1_142' title='bbox 1152 2822 1311 2884; x_wconf 89' lang='lat' dir='ltr'>nobilium</span> <span class='ocrx_word' id='word_1_143' title='bbox 1339 2823 1508 2884; x_wconf 86' lang='lat' dir='ltr'>comitatus</span> 
     </span>
     <span class='ocr_line' id='line_1_21' title="bbox 239 2927 1507 3009; baseline 0.001 -20"><span class='ocrx_word' id='word_1_144' title='bbox 239 2928 464 3009; x_wconf 87' lang='lat' dir='ltr'>zagrabiensis,</span> <span class='ocrx_word' id='word_1_145' title='bbox 493 2928 629 2990; x_wconf 91' lang='lat' dir='ltr'>salutem</span> <span class='ocrx_word' id='word_1_146' title='bbox 656 2942 687 2989; x_wconf 88' lang='lat' dir='ltr'>et</span> <span class='ocrx_word' id='word_1_147' title='bbox 719 2929 868 3009; x_wconf 84' lang='lat' dir='ltr'>graciam.</span> <span class='ocrx_word' id='word_1_148' title='bbox 893 2929 1004 3009; x_wconf 91' lang='lat' dir='ltr'>Nuper</span> <span class='ocrx_word' id='word_1_149' title='bbox 1028 2928 1059 2989; x_wconf 91' lang='lat' dir='ltr'>in</span> <span class='ocrx_word' id='word_1_150' title='bbox 1087 2928 1231 3009; x_wconf 84' lang='lat' dir='ltr'>proxima</span> <span class='ocrx_word' id='word_1_151' title='bbox 1256 2927 1342 2989; x_wconf 90' lang='lat' dir='ltr'>dieta</span> <span class='ocrx_word' id='word_1_152' title='bbox 1365 2928 1507 3009; x_wconf 88' lang='lat' dir='ltr'>generali</span> 
     </span>
     <span class='ocr_line' id='line_1_22' title="bbox 239 3033 1507 3116; baseline -0.002 -20"><span class='ocrx_word' id='word_1_153' title='bbox 239 3035 461 3097; x_wconf 90' lang='lat' dir='ltr'>universorum</span> <span class='ocrx_word' id='word_1_154' title='bbox 495 3035 730 3115; x_wconf 88' lang='lat' dir='ltr'>regnicolarum</span> <span class='ocrx_word' id='word_1_155' title='bbox 763 3048 947 3096; x_wconf 90' lang='lat' dir='ltr'>nostrorum</span> <span class='ocrx_word' id='word_1_156' title='bbox 979 3035 1009 3095; x_wconf 89' lang='lat' dir='ltr'>in</span> <span class='ocrx_word' id='word_1_157' title='bbox 1043 3035 1165 3116; x_wconf 92' lang='lat' dir='ltr'>oppido</span> <span class='ocrx_word' id='word_1_158' title='bbox 1190 3048 1299 3095; x_wconf 92' lang='lat' dir='ltr'>nostro</span> <span class='ocrx_word' id='word_1_159' title='bbox 1322 3033 1427 3095; x_wconf 88' lang='lat' dir='ltr'>Thata</span> <span class='ocrx_word' id='word_1_160' title='bbox 1452 3054 1507 3116; x_wconf 94' lang='lat' dir='ltr'>per</span> 
     </span>
     <span class='ocr_line' id='line_1_23' title="bbox 239 3139 1506 3222; baseline -0.001 -21"><span class='ocrx_word' id='word_1_161' title='bbox 239 3159 297 3201; x_wconf 93' lang='lat' dir='ltr'>nos</span> <span class='ocrx_word' id='word_1_162' title='bbox 335 3141 503 3218; x_wconf 87' lang='lat' dir='ltr'>celebrata,</span> <span class='ocrx_word' id='word_1_163' title='bbox 536 3141 616 3201; x_wconf 89' lang='lat' dir='ltr'>inter</span> <span class='ocrx_word' id='word_1_164' title='bbox 656 3140 736 3201; x_wconf 86' lang='lat' dir='ltr'>alios</span> <span class='ocrx_word' id='word_1_165' title='bbox 775 3139 886 3202; x_wconf 88' lang='lat' dir='ltr'>fideles</span> <span class='ocrx_word' id='word_1_166' title='bbox 928 3153 1053 3201; x_wconf 89' lang='lat' dir='ltr'>nostros</span> <span class='ocrx_word' id='word_1_167' title='bbox 1094 3140 1236 3222; x_wconf 90' lang='lat' dir='ltr'>parcium</span> <span class='ocrx_word' id='word_1_168' title='bbox 1277 3140 1364 3221; x_wconf 86' lang='lat' dir='ltr'>regni</span> <span class='ocrx_word' id='word_1_169' title='bbox 1407 3141 1506 3201; x_wconf 91' lang='lat' dir='ltr'>nostri</span> 
     </span>
     <span class='ocr_line' id='line_1_24' title="bbox 239 3243 1506 3327; baseline 0 -21"><span class='ocrx_word' id='word_1_170' title='bbox 239 3245 422 3324; x_wconf 89' lang='lat' dir='ltr'>Sclauonie,</span> <span class='ocrx_word' id='word_1_171' title='bbox 445 3245 634 3306; x_wconf 90' lang='lat' dir='ltr'>honorabile</span> <span class='ocrx_word' id='word_1_172' title='bbox 667 3246 842 3327; x_wconf 88' lang='lat' dir='ltr'>capitulum</span> <span class='ocrx_word' id='word_1_173' title='bbox 878 3245 1011 3307; x_wconf 90' lang='lat' dir='ltr'>ecclesie</span> <span class='ocrx_word' id='word_1_174' title='bbox 1045 3244 1259 3325; x_wconf 86' lang='lat' dir='ltr'>zagrabiensis</span> <span class='ocrx_word' id='word_1_175' title='bbox 1290 3257 1320 3305; x_wconf 90' lang='lat' dir='ltr'>et</span> <span class='ocrx_word' id='word_1_176' title='bbox 1352 3243 1506 3324; x_wconf 79' lang='lat' dir='ltr'>judexne</span> 
     </span>
     <span class='ocr_line' id='line_1_25' title="bbox 238 3348 1506 3431; baseline 0 -20"><span class='ocrx_word' id='word_1_177' title='bbox 238 3353 451 3412; x_wconf 87' lang='lat' dir='ltr'>communitas</span> <span class='ocrx_word' id='word_1_178' title='bbox 487 3351 605 3413; x_wconf 89' lang='lat' dir='ltr'>civium</span> <span class='ocrx_word' id='word_1_179' title='bbox 642 3351 777 3412; x_wconf 88' lang='lat' dir='ltr'>civitatis</span> <span class='ocrx_word' id='word_1_180' title='bbox 809 3364 914 3413; x_wconf 90' lang='lat' dir='ltr'>nostre</span> <span class='ocrx_word' id='word_1_181' title='bbox 950 3352 1069 3411; x_wconf 91' lang='lat' dir='ltr'>montis</span> <span class='ocrx_word' id='word_1_182' title='bbox 1102 3348 1271 3411; x_wconf 88' lang='lat' dir='ltr'>Grecensis</span> <span class='ocrx_word' id='word_1_183' title='bbox 1302 3370 1359 3431; x_wconf 93' lang='lat' dir='ltr'>per</span> <span class='ocrx_word' id='word_1_184' title='bbox 1388 3350 1506 3412; x_wconf 90' lang='lat' dir='ltr'>electos</span> 
     </span>
     <span class='ocr_line' id='line_1_26' title="bbox 237 3455 1505 3539; baseline 0 -22"><span class='ocrx_word' id='word_1_185' title='bbox 237 3458 372 3518; x_wconf 88' lang='lat' dir='ltr'>nuncios</span> <span class='ocrx_word' id='word_1_186' title='bbox 395 3477 470 3517; x_wconf 91' lang='lat' dir='ltr'>suos</span> <span class='ocrx_word' id='word_1_187' title='bbox 493 3457 579 3539; x_wconf 91' lang='lat' dir='ltr'>apud</span> <span class='ocrx_word' id='word_1_188' title='bbox 604 3477 663 3518; x_wconf 93' lang='lat' dir='ltr'>nos</span> <span class='ocrx_word' id='word_1_189' title='bbox 686 3457 860 3535; x_wconf 88' lang='lat' dir='ltr'>constituti,</span> <span class='ocrx_word' id='word_1_190' title='bbox 885 3457 983 3518; x_wconf 90' lang='lat' dir='ltr'>iidem</span> <span class='ocrx_word' id='word_1_191' title='bbox 1008 3457 1092 3517; x_wconf 89' lang='lat' dir='ltr'>cives</span> <span class='ocrx_word' id='word_1_192' title='bbox 1114 3456 1266 3537; x_wconf 88' lang='lat' dir='ltr'>primum,</span> <span class='ocrx_word' id='word_1_193' title='bbox 1288 3455 1403 3516; x_wconf 92' lang='lat' dir='ltr'>deinde</span> <span class='ocrx_word' id='word_1_194' title='bbox 1428 3476 1505 3517; x_wconf 91' lang='lat' dir='ltr'>vero</span> 
     </span>
     <span class='ocr_line' id='line_1_27' title="bbox 237 3562 1504 3644; baseline 0 -21"><span class='ocrx_word' id='word_1_195' title='bbox 237 3562 298 3644; x_wconf 92' lang='lat' dir='ltr'>ipsi</span> <span class='ocrx_word' id='word_1_196' title='bbox 329 3563 519 3644; x_wconf 89' lang='lat' dir='ltr'>capitulares</span> <span class='ocrx_word' id='word_1_197' title='bbox 553 3583 664 3643; x_wconf 89' lang='lat' dir='ltr'>graves</span> <span class='ocrx_word' id='word_1_198' title='bbox 692 3563 922 3643; x_wconf 88' lang='lat' dir='ltr'>ultrocitroque</span> <span class='ocrx_word' id='word_1_199' title='bbox 948 3576 978 3623; x_wconf 91' lang='lat' dir='ltr'>et</span> <span class='ocrx_word' id='word_1_200' title='bbox 1003 3562 1033 3623; x_wconf 91' lang='lat' dir='ltr'>in</span> <span class='ocrx_word' id='word_1_201' title='bbox 1059 3562 1246 3623; x_wconf 88' lang='lat' dir='ltr'>alterutrum</span> <span class='ocrx_word' id='word_1_202' title='bbox 1272 3581 1380 3623; x_wconf 87' lang='lat' dir='ltr'>coram</span> <span class='ocrx_word' id='word_1_203' title='bbox 1406 3562 1504 3623; x_wconf 90' lang='lat' dir='ltr'>Maie-</span> 
     </span>
     <span class='ocr_line' id='line_1_28' title="bbox 237 3665 1504 3749; baseline 0.001 -22"><span class='ocrx_word' id='word_1_204' title='bbox 237 3680 315 3728; x_wconf 90' lang='lat' dir='ltr'>state</span> <span class='ocrx_word' id='word_1_205' title='bbox 340 3681 446 3728; x_wconf 87' lang='lat' dir='ltr'>nostra</span> <span class='ocrx_word' id='word_1_206' title='bbox 472 3667 626 3746; x_wconf 88' lang='lat' dir='ltr'>lecerunt,</span> <span class='ocrx_word' id='word_1_207' title='bbox 644 3668 927 3749; x_wconf 88' lang='lat' dir='ltr'>deposueruntque</span> <span class='ocrx_word' id='word_1_208' title='bbox 944 3668 1090 3747; x_wconf 85' lang='lat' dir='ltr'>querelas</span> <span class='ocrx_word' id='word_1_209' title='bbox 1107 3687 1202 3748; x_wconf 92' lang='lat' dir='ltr'>super</span> <span class='ocrx_word' id='word_1_210' title='bbox 1220 3665 1303 3728; x_wconf 83' lang='lat' dir='ltr'>facto</span> <span class='ocrx_word' id='word_1_211' title='bbox 1321 3681 1352 3729; x_wconf 94' lang='lat' dir='ltr'>et</span> <span class='ocrx_word' id='word_1_212' title='bbox 1368 3667 1504 3748; x_wconf 88' lang='lat' dir='ltr'>negocio</span> 
     </span>
     <span class='ocr_line' id='line_1_29' title="bbox 237 3771 1504 3854; baseline 0 -21"><span class='ocrx_word' id='word_1_213' title='bbox 237 3771 296 3834; x_wconf 85' lang='lat' dir='ltr'>fori</span> <span class='ocrx_word' id='word_1_214' title='bbox 332 3774 452 3834; x_wconf 89' lang='lat' dir='ltr'>usualis</span> <span class='ocrx_word' id='word_1_215' title='bbox 489 3788 519 3834; x_wconf 88' lang='lat' dir='ltr'>et</span> <span class='ocrx_word' id='word_1_216' title='bbox 553 3773 717 3852; x_wconf 91' lang='lat' dir='ltr'>ordinarii,</span> <span class='ocrx_word' id='word_1_217' title='bbox 750 3793 814 3854; x_wconf 92' lang='lat' dir='ltr'>quo</span> <span class='ocrx_word' id='word_1_218' title='bbox 848 3774 944 3835; x_wconf 89' lang='lat' dir='ltr'>iidem</span> <span class='ocrx_word' id='word_1_219' title='bbox 977 3774 1061 3834; x_wconf 87' lang='lat' dir='ltr'>cives</span> <span class='ocrx_word' id='word_1_220' title='bbox 1091 3774 1190 3835; x_wconf 90' lang='lat' dir='ltr'>nostri</span> <span class='ocrx_word' id='word_1_221' title='bbox 1226 3773 1258 3834; x_wconf 93' lang='lat' dir='ltr'>in</span> <span class='ocrx_word' id='word_1_222' title='bbox 1290 3773 1504 3854; x_wconf 91' lang='lat' dir='ltr'>preiudicium</span> 
     </span>
     <span class='ocr_line' id='line_1_30' title="bbox 237 3878 1503 3960; baseline 0.001 -21"><span class='ocrx_word' id='word_1_223' title='bbox 237 3879 378 3960; x_wconf 92' lang='lat' dir='ltr'>ipsorum</span> <span class='ocrx_word' id='word_1_224' title='bbox 403 3878 626 3960; x_wconf 88' lang='lat' dir='ltr'>capitularium</span> <span class='ocrx_word' id='word_1_225' title='bbox 652 3893 682 3940; x_wconf 92' lang='lat' dir='ltr'>et</span> <span class='ocrx_word' id='word_1_226' title='bbox 705 3899 721 3940; x_wconf 99' lang='lat' dir='ltr'>e</span> <span class='ocrx_word' id='word_1_227' title='bbox 747 3898 901 3940; x_wconf 89' lang='lat' dir='ltr'>converso</span> <span class='ocrx_word' id='word_1_228' title='bbox 919 3879 977 3960; x_wconf 92' lang='lat' dir='ltr'>ipsi</span> <span class='ocrx_word' id='word_1_229' title='bbox 996 3879 1186 3960; x_wconf 90' lang='lat' dir='ltr'>capitulares</span> <span class='ocrx_word' id='word_1_230' title='bbox 1203 3878 1355 3940; x_wconf 90' lang='lat' dir='ltr'>adversus</span> <span class='ocrx_word' id='word_1_231' title='bbox 1372 3878 1503 3940; x_wconf 90' lang='lat' dir='ltr'>eosdem</span> 
     </span>
     <span class='ocr_line' id='line_1_31' title="bbox 235 3983 1503 4066; baseline 0.002 -23"><span class='ocrx_word' id='word_1_232' title='bbox 235 3983 320 4044; x_wconf 91' lang='lat' dir='ltr'>cives</span> <span class='ocrx_word' id='word_1_233' title='bbox 350 3997 475 4045; x_wconf 91' lang='lat' dir='ltr'>nostros</span> <span class='ocrx_word' id='word_1_234' title='bbox 508 3985 575 4045; x_wconf 90' lang='lat' dir='ltr'>istic</span> <span class='ocrx_word' id='word_1_235' title='bbox 607 3985 650 4046; x_wconf 88' lang='lat' dir='ltr'>uti</span> <span class='ocrx_word' id='word_1_236' title='bbox 684 3998 779 4065; x_wconf 92' lang='lat' dir='ltr'>atque</span> <span class='ocrx_word' id='word_1_237' title='bbox 812 3984 952 4065; x_wconf 90' lang='lat' dir='ltr'>gaudere</span> <span class='ocrx_word' id='word_1_238' title='bbox 983 3999 1095 4046; x_wconf 92' lang='lat' dir='ltr'>mutuo</span> <span class='ocrx_word' id='word_1_239' title='bbox 1121 3984 1329 4046; x_wconf 91' lang='lat' dir='ltr'>contendunt.</span> <span class='ocrx_word' id='word_1_240' title='bbox 1355 3985 1422 4045; x_wconf 91' lang='lat' dir='ltr'>Nos</span> <span class='ocrx_word' id='word_1_241' title='bbox 1445 4004 1503 4066; x_wconf 93' lang='lat' dir='ltr'>pro</span> 
     </span>
     <span class='ocr_line' id='line_1_32' title="bbox 235 4089 1503 4172; baseline 0.002 -23"><span class='ocrx_word' id='word_1_242' title='bbox 235 4101 311 4149; x_wconf 88' lang='lat' dir='ltr'>tunc</span> <span class='ocrx_word' id='word_1_243' title='bbox 345 4103 465 4169; x_wconf 92' lang='lat' dir='ltr'>utpote,</span> <span class='ocrx_word' id='word_1_244' title='bbox 490 4090 544 4169; x_wconf 90' lang='lat' dir='ltr'>qui</span> <span class='ocrx_word' id='word_1_245' title='bbox 578 4089 638 4150; x_wconf 89' lang='lat' dir='ltr'>hoc</span> <span class='ocrx_word' id='word_1_246' title='bbox 672 4090 839 4151; x_wconf 90' lang='lat' dir='ltr'>dissidium</span> <span class='ocrx_word' id='word_1_247' title='bbox 864 4110 880 4150; x_wconf 94' lang='lat' dir='ltr'>e</span> <span class='ocrx_word' id='word_1_248' title='bbox 905 4091 1013 4151; x_wconf 90' lang='lat' dir='ltr'>medio</span> <span class='ocrx_word' id='word_1_249' title='bbox 1038 4091 1180 4172; x_wconf 90' lang='lat' dir='ltr'>parcium</span> <span class='ocrx_word' id='word_1_250' title='bbox 1204 4091 1370 4170; x_wconf 90' lang='lat' dir='ltr'>utriusque</span> <span class='ocrx_word' id='word_1_251' title='bbox 1394 4110 1503 4152; x_wconf 91' lang='lat' dir='ltr'>earum</span> 
     </span>
     <span class='ocr_line' id='line_1_33' title="bbox 233 4192 1503 4277; baseline 0.002 -23"><span class='ocrx_word' id='word_1_252' title='bbox 233 4192 356 4273; x_wconf 91' lang='lat' dir='ltr'>juribus</span> <span class='ocrx_word' id='word_1_253' title='bbox 378 4194 562 4272; x_wconf 89' lang='lat' dir='ltr'>observatis,</span> <span class='ocrx_word' id='word_1_254' title='bbox 587 4195 700 4256; x_wconf 88' lang='lat' dir='ltr'>tollere</span> <span class='ocrx_word' id='word_1_255' title='bbox 724 4195 896 4273; x_wconf 90' lang='lat' dir='ltr'>voluimus,</span> <span class='ocrx_word' id='word_1_256' title='bbox 916 4196 1169 4273; x_wconf 86' lang='lat' dir='ltr'>decreveramus,</span> <span class='ocrx_word' id='word_1_257' title='bbox 1187 4210 1222 4257; x_wconf 91' lang='lat' dir='ltr'>ut</span> <span class='ocrx_word' id='word_1_258' title='bbox 1247 4197 1279 4257; x_wconf 90' lang='lat' dir='ltr'>in</span> <span class='ocrx_word' id='word_1_259' title='bbox 1305 4216 1344 4256; x_wconf 92' lang='lat' dir='ltr'>eo</span> <span class='ocrx_word' id='word_1_260' title='bbox 1368 4208 1503 4277; x_wconf 91' lang='lat' dir='ltr'>utraque</span> 
     </span>
     <span class='ocr_line' id='line_1_34' title="bbox 167 4299 1503 4384; baseline 0.004 -26"><span class='ocrx_word' id='word_1_261' title='bbox 167 4358 169 4371; x_wconf 69' lang='grc'>,</span> <span class='ocrx_word' id='word_1_262' title='bbox 234 4299 374 4379; x_wconf 89' lang='lat' dir='ltr'>ipsarum</span> <span class='ocrx_word' id='word_1_263' title='bbox 404 4300 554 4361; x_wconf 89' lang='lat' dir='ltr'>consistat</span> <span class='ocrx_word' id='word_1_264' title='bbox 586 4313 616 4361; x_wconf 91' lang='lat' dir='ltr'>et</span> <span class='ocrx_word' id='word_1_265' title='bbox 647 4315 834 4384; x_wconf 89' lang='lat' dir='ltr'>permaneat</span> <span class='ocrx_word' id='word_1_266' title='bbox 865 4322 902 4363; x_wconf 84' lang='lat' dir='ltr'>ex</span> <span class='ocrx_word' id='word_1_267' title='bbox 935 4317 1025 4384; x_wconf 86' lang='lat' dir='ltr'>parte</span> <span class='ocrx_word' id='word_1_268' title='bbox 1059 4301 1255 4382; x_wconf 90' lang='lat' dir='ltr'>huiusipsius</span> <span class='ocrx_word' id='word_1_269' title='bbox 1285 4300 1355 4378; x_wconf 82' lang='lat' dir='ltr'>lori,</span> <span class='ocrx_word' id='word_1_270' title='bbox 1380 4301 1411 4361; x_wconf 89' lang='lat' dir='ltr'>in</span> <span class='ocrx_word' id='word_1_271' title='bbox 1437 4322 1503 4382; x_wconf 92' lang='lat' dir='ltr'>quo</span> 
     </span>
     <span class='ocr_line' id='line_1_35' title="bbox 234 4404 1502 4488; baseline 0.003 -24"><span class='ocrx_word' id='word_1_272' title='bbox 234 4404 311 4464; x_wconf 86' lang='lat' dir='ltr'>alias</span> <span class='ocrx_word' id='word_1_273' title='bbox 336 4406 466 4466; x_wconf 89' lang='lat' dir='ltr'>vetustis</span> <span class='ocrx_word' id='word_1_274' title='bbox 489 4407 688 4487; x_wconf 89' lang='lat' dir='ltr'>temporibus</span> <span class='ocrx_word' id='word_1_275' title='bbox 712 4422 743 4469; x_wconf 94' lang='lat' dir='ltr'>et</span> <span class='ocrx_word' id='word_1_276' title='bbox 767 4427 868 4487; x_wconf 90' lang='lat' dir='ltr'>usque</span> <span class='ocrx_word' id='word_1_277' title='bbox 893 4408 931 4469; x_wconf 89' lang='lat' dir='ltr'>ad</span> <span class='ocrx_word' id='word_1_278' title='bbox 960 4407 1019 4468; x_wconf 91' lang='lat' dir='ltr'>hec</span> <span class='ocrx_word' id='word_1_279' title='bbox 1037 4421 1181 4488; x_wconf 90' lang='lat' dir='ltr'>tempora</span> <span class='ocrx_word' id='word_1_280' title='bbox 1202 4406 1332 4488; x_wconf 85' lang='lat' dir='ltr'>pacifice</span> <span class='ocrx_word' id='word_1_281' title='bbox 1348 4408 1502 4488; x_wconf 89' lang='lat' dir='ltr'>perstitit;</span> 
     </span>
     <span class='ocr_line' id='line_1_36' title="bbox 233 4508 1502 4594; baseline 0.003 -25"><span class='ocrx_word' id='word_1_282' title='bbox 233 4508 320 4589; x_wconf 90' lang='lat' dir='ltr'>quod</span> <span class='ocrx_word' id='word_1_283' title='bbox 353 4510 377 4570; x_wconf 90' lang='lat' dir='ltr'>si</span> <span class='ocrx_word' id='word_1_284' title='bbox 411 4510 601 4592; x_wconf 90' lang='lat' dir='ltr'>capitulares</span> <span class='ocrx_word' id='word_1_285' title='bbox 632 4512 691 4594; x_wconf 91' lang='lat' dir='ltr'>ipsi</span> <span class='ocrx_word' id='word_1_286' title='bbox 721 4512 761 4572; x_wconf 90' lang='lat' dir='ltr'>de</span> <span class='ocrx_word' id='word_1_287' title='bbox 792 4532 878 4574; x_wconf 88' lang='lat' dir='ltr'>novo</span> <span class='ocrx_word' id='word_1_288' title='bbox 913 4527 944 4574; x_wconf 88' lang='lat' dir='ltr'>et</span> <span class='ocrx_word' id='word_1_289' title='bbox 976 4527 1118 4574; x_wconf 90' lang='lat' dir='ltr'>recenter</span> <span class='ocrx_word' id='word_1_290' title='bbox 1146 4512 1335 4574; x_wconf 91' lang='lat' dir='ltr'>abusionem</span> <span class='ocrx_word' id='word_1_291' title='bbox 1360 4513 1502 4593; x_wconf 88' lang='lat' dir='ltr'>aliquam</span> 
     </span>
     <span class='ocr_line' id='line_1_37' title="bbox 231 4614 1501 4699; baseline 0.003 -23"><span class='ocrx_word' id='word_1_292' title='bbox 231 4629 340 4676; x_wconf 90' lang='lat' dir='ltr'>contra</span> <span class='ocrx_word' id='word_1_293' title='bbox 364 4614 431 4696; x_wconf 82' lang='lat' dir='ltr'>jura</span> <span class='ocrx_word' id='word_1_294' title='bbox 456 4630 487 4678; x_wconf 89' lang='lat' dir='ltr'>et</span> <span class='ocrx_word' id='word_1_295' title='bbox 510 4618 677 4699; x_wconf 90' lang='lat' dir='ltr'>privilegia</span> <span class='ocrx_word' id='word_1_296' title='bbox 701 4617 822 4699; x_wconf 84' lang='lat' dir='ltr'>prefata</span> <span class='ocrx_word' id='word_1_297' title='bbox 848 4618 1012 4680; x_wconf 92' lang='lat' dir='ltr'>dictorum</span> <span class='ocrx_word' id='word_1_298' title='bbox 1037 4619 1156 4679; x_wconf 89' lang='lat' dir='ltr'>civium</span> <span class='ocrx_word' id='word_1_299' title='bbox 1179 4632 1361 4680; x_wconf 90' lang='lat' dir='ltr'>nostrorum</span> <span class='ocrx_word' id='word_1_300' title='bbox 1387 4618 1418 4679; x_wconf 90' lang='lat' dir='ltr'>in</span> <span class='ocrx_word' id='word_1_301' title='bbox 1443 4617 1501 4680; x_wconf 87' lang='lat' dir='ltr'>hac</span> 
     </span>
     <span class='ocr_line' id='line_1_38' title="bbox 232 4720 1501 4804; baseline 0.003 -23"><span class='ocrx_word' id='word_1_302' title='bbox 232 4734 319 4801; x_wconf 91' lang='lat' dir='ltr'>parte</span> <span class='ocrx_word' id='word_1_303' title='bbox 354 4720 562 4802; x_wconf 84' lang='lat' dir='ltr'>induxissent,</span> <span class='ocrx_word' id='word_1_304' title='bbox 595 4723 666 4785; x_wconf 88' lang='lat' dir='ltr'>talis</span> <span class='ocrx_word' id='word_1_305' title='bbox 701 4724 814 4785; x_wconf 90' lang='lat' dir='ltr'>abusio</span> <span class='ocrx_word' id='word_1_306' title='bbox 853 4724 975 4787; x_wconf 89' lang='lat' dir='ltr'>aboleri</span> <span class='ocrx_word' id='word_1_307' title='bbox 1008 4737 1039 4786; x_wconf 91' lang='lat' dir='ltr'>et</span> <span class='ocrx_word' id='word_1_308' title='bbox 1071 4723 1183 4785; x_wconf 85' lang='lat' dir='ltr'>cessari</span> <span class='ocrx_word' id='word_1_309' title='bbox 1216 4723 1357 4801; x_wconf 90' lang='lat' dir='ltr'>deberet,</span> <span class='ocrx_word' id='word_1_310' title='bbox 1391 4724 1501 4804; x_wconf 87' lang='lat' dir='ltr'>sicque</span> 
     </span>
     <span class='ocr_line' id='line_1_39' title="bbox 232 4825 1500 4892; baseline 0.003 -6"><span class='ocrx_word' id='word_1_311' title='bbox 232 4825 264 4886; x_wconf 90' lang='lat' dir='ltr'>in</span> <span class='ocrx_word' id='word_1_312' title='bbox 288 4845 359 4887; x_wconf 87' lang='lat' dir='ltr'>eam</span> <span class='ocrx_word' id='word_1_313' title='bbox 383 4828 578 4890; x_wconf 90' lang='lat' dir='ltr'>sentenciam</span> <span class='ocrx_word' id='word_1_314' title='bbox 603 4829 722 4891; x_wconf 85' lang='lat' dir='ltr'>litteras</span> <span class='ocrx_word' id='word_1_315' title='bbox 744 4829 885 4892; x_wconf 87' lang='lat' dir='ltr'>mandati</span> <span class='ocrx_word' id='word_1_316' title='bbox 911 4831 1009 4892; x_wconf 91' lang='lat' dir='ltr'>nostri</span> <span class='ocrx_word' id='word_1_317' title='bbox 1034 4828 1075 4891; x_wconf 90' lang='lat' dir='ltr'>ad</span> <span class='ocrx_word' id='word_1_318' title='bbox 1099 4829 1289 4891; x_wconf 88' lang='lat' dir='ltr'>instanciam</span> <span class='ocrx_word' id='word_1_319' title='bbox 1311 4828 1500 4891; x_wconf 92' lang='lat' dir='ltr'>eorumdem</span> 
     </span>
    </p>
   </div>
   <div class='ocr_carea' id='block_1_10' title="bbox 0 0 1740 5242">
    <p class='ocr_par' dir='ltr' id='par_1_10' title="bbox 0 0 1740 5242">
     <span class='ocr_line' id='line_1_40' title="bbox 0 0 1740 5242; baseline 0 5"><span class='ocrx_word' id='word_1_320' title='bbox 0 0 1740 5242; x_wconf 95' lang='lat' dir='ltr'> </span> 
     </span>
    </p>
   </div>
  </div>
 </body>
</html>
