3472 5242
264 317 300 378 18
681 319 753 379 Doc.
778 314 827 382 [ό.
853 353 892 363 -
917 320 974 377 An.
999 333 1090 395 1502.

260 544 382 608 facturi.
407 545 611 607 Presentibus
634 545 791 627 perlectis,
815 544 976 608 exhibenti
1009 547 1173 610 restitutis.
1197 548 1314 614 Datum
1340 550 1371 610 in
1397 549 1521 631 palacio

259 665 368 714 nostro
393 651 569 714 chasmensi
595 650 672 714 feria
696 652 807 733 quinta
831 653 976 734 proxima
1000 668 1072 735 post
1088 653 1284 716 dominicam
1302 654 1408 717 Oculi.
1425 658 1522 717 Anno

260 758 383 820 domini
408 758 581 820 millesimo
605 759 864 840 quingentesimo
888 758 1041 821 secundo.

366 899 502 964 Originale
521 899 547 951 in
566 900 664 951 charta.
679 900 706 950 ln
726 899 842 964 margine
862 900 980 952 interiori
1000 901 1158 964 impressum
1178 906 1218 951 est
1238 900 1363 965 sigillum.
1378 900 1404 952 ln
1424 902 1521 955 archiv.

259 1002 317 1038 ven.
338 988 401 1052 Cap.
420 990 526 1052 zagrab.
544 988 602 1041 Act.
623 989 685 1052 Cap.
706 994 757 1040 ant.
778 989 840 1038 lasc.
860 989 901 1040 95.
923 1003 960 1039 nr,
984 991 1022 1041 10.

364 1431 438 1482 Anno
461 1430 594 1495 1502,1s.
616 1428 776 1481 novembris.

259 1572 397 1634 Andreae
419 1575 566 1651 Krajalr'l
583 1575 707 1647 laganam
725 1570 949 1646 praebendariis
971 1575 1099 1632 ecclesiae
1122 1576 1299 1634 cathedralis
1322 1574 1523 1654 aagrabiensis

710 1686 874 1737 testamento
896 1679 1080 1753 adscriptum.

365 1837 398 1899 ln
423 1836 554 1899 nomine
579 1834 714 1897 domini.
738 1839 853 1896 Amen.
879 1840 974 1897 Anno
999 1835 1144 1898 eiusdem
1168 1836 1340 1898 millesimo
1364 1833 1521 1915 quingen·

259 1944 374 2005 tesimo
398 1941 551 2019 secundo,
572 1939 651 2002 feria
675 1941 770 2003 tercia
795 1941 939 2022 proxima
963 1954 1034 2022 post
1059 1940 1175 2004 festum
1199 1943 1283 2003 beati
1307 1940 1421 2004 Briccii
1445 1958 1521 2001 con-

259 2049 396 2111 fessoris.
437 2048 471 2110 ln
502 2047 635 2109 honesta
667 2047 765 2109 domo
797 2046 958 2108 nobilitari
990 2048 1109 2109 nobilis
1139 2047 1237 2111 Blasii
1262 2048 1301 2109 de
1335 2048 1521 2128 Progowcz,

260 2153 374 2216 sororii
399 2152 549 2214 videlicet
565 2153 639 2231 mei,
656 2171 717 2234 ego
733 2151 879 2212 Andreas
895 2150 934 2212 de
952 2153 1122 2235 Kamarya,
1139 2166 1232 2215 natus
1247 2152 1385 2214 condam
1403 2152 1522 2235 nobilis

260 2259 414 2322 Johannis
446 2257 653 2341 Crayachych
678 2258 718 2319 de
750 2256 873 2336 eadem,
898 2256 1004 2338 jacens
1035 2258 1067 2319 in
1091 2259 1174 2320 lecto
1198 2258 1303 2340 gravis
1327 2257 1520 2320 infirmitatis

260 2385 341 2441 mee,
365 2365 439 2427 licet
471 2384 546 2445 eger
577 2383 709 2446 corpore
740 2377 847 2425 mente
877 2377 984 2424 tamen
1016 2383 1073 2445 per
1106 2364 1214 2425 omnia
1236 2384 1341 2443 sanus,
1365 2364 1404 2425 de
1428 2363 1522 2426 bonis

260 2471 350 2549 meis,
373 2469 451 2530 mihi
480 2490 497 2531 a
527 2469 588 2531 deo
621 2469 713 2549 datis,
740 2469 845 2531 condo
877 2482 908 2531 et
939 2468 1021 2530 facio
1052 2469 1115 2531 tale
1142 2483 1378 2531 testamentum.
1402 2470 1522 2548 Primo,

259 2576 400 2638 animam
432 2594 538 2636 meam
570 2574 763 2636 commendo
792 2575 853 2636 deo
878 2575 1011 2636 creatori
1035 2595 1120 2653 meo,
1144 2595 1259 2658 corpus
1282 2595 1359 2637 vero
1383 2589 1464 2637 terre
1489 2575 1521 2637 in

259 2701 349 2743 sacro
372 2682 445 2743 loco
469 2681 701 2763 sepeliendum.
719 2682 797 2742 ltem
821 2680 967 2742 omnium
991 2700 1095 2742 rerum
1117 2682 1148 2742 in
1172 2682 1305 2763 registro
1322 2682 1522 2763 presentibus

260 2788 384 2850 incluso
408 2787 669 2869 conscriptarum,
692 2806 805 2868 puram
829 2786 1034 2848 medietatem
1068 2800 1098 2848 et
1121 2786 1261 2848 totaliter
1283 2787 1357 2869 lego
1381 2787 1522 2849 dominis

260 2893 479 2976 prebendariis
503 2891 591 2954 chori
614 2892 745 2954 ecclesie
770 2892 995 2974 zagrabiensis,
1011 2905 1046 2952 ut
1063 2892 1158 2954 iidem
1184 2912 1242 2974 pro
1265 2893 1372 2955 anima
1397 2913 1467 2955 mea
1492 2906 1522 2955 et

259 2999 531 3082 predecessorum,
553 3011 720 3080 parentum
745 2998 894 3060 videlicet
917 3017 1074 3076 meorum,
1099 2998 1210 3060 missas
1234 3011 1264 3059 et
1288 2999 1420 3061 devotas
1443 3000 1522 3061 alias

260 3106 426 3167 oraciones
458 3105 560 3165 lacere
592 3104 740 3165 debeant.
765 3104 854 3177 Quas
885 3104 1005 3165 scilicet
1032 3123 1082 3164 res
1105 3103 1191 3185 apud
1215 3104 1358 3166 relictam
1383 3105 1520 3166 condam

259 3212 384 3273 Nicolai
420 3211 587 3273 baccalarii
623 3211 662 3271 de
697 3211 868 3293 prescripta
903 3212 1074 3293 Kamarya,
1108 3230 1192 3271 nunc
1227 3211 1304 3271 vero
1340 3225 1520 3273 consortem

259 3317 426 3378 cuiusdam
451 3316 569 3378 Mathia
596 3317 710 3395 vocati,
727 3317 889 3397 requirere
913 3315 1086 3394 habebunt,
1104 3317 1258 3396 quoniam
1283 3316 1349 3397 ipse
1377 3337 1426 3378 res
1449 3331 1521 3399 post

260 3437 396 3485 mortem
427 3421 540 3504 prefati
572 3423 669 3504 patris
698 3424 797 3484 nostri
830 3423 911 3484 inter
943 3442 1002 3483 nos
1035 3442 1135 3503 usque
1160 3424 1192 3483 in
1217 3422 1408 3483 hodiernum
1434 3422 1519 3484 diem

261 3528 388 3590 luerunt
420 3528 573 3604 indivise;
598 3527 637 3589 de
668 3528 920 3609 quibusquidem
954 3529 1049 3588 rebus
1077 3527 1116 3588 ad
1141 3527 1322 3608 sepissimas
1345 3527 1521 3609 peticiones

260 3654 357 3713 meas,
383 3634 495 3695 eadem
519 3633 650 3694 domina
674 3634 745 3714 glos
768 3654 838 3694 mea
863 3653 935 3695 cum
965 3632 1050 3693 dicto
1075 3633 1143 3693 viro
1167 3652 1226 3694 suo
1242 3638 1417 3713 'nunquam
1442 3633 1520 3695 mihi

260 3741 446 3822 porcionem
480 3739 555 3800 dare
588 3754 736 3800 curarunt
768 3753 798 3800 et
826 3758 931 3819 neque
960 3753 1071 3799 curant
1096 3739 1190 3800 etiam
1217 3739 1248 3799 in
1273 3739 1520 3820 presenciarum.

261 3846 414 3908 Similiter
439 3859 469 3907 et
492 3846 679 3926 porcionem
704 3865 808 3906 meam
831 3844 1098 3926 possesionariam
1124 3845 1155 3905 in
1181 3845 1293 3905 eadem
1311 3846 1470 3928 Kamarya
1490 3860 1520 3906 et

259 3952 465 4035 pertinenciis
500 3952 568 4013 eius
603 3952 762 4030 habitam,
794 3951 946 4011 hactenus
980 3950 1202 4031 potencialiter
1241 3951 1453 4032 possederunt
1489 3965 1519 4013 et

259 4058 423 4140 possident
439 4059 472 4118 in
488 4060 637 4139 presenti,
654 4058 693 4117 de
711 4077 774 4137 qua
791 4057 892 4117 eciam
909 4069 979 4138 post
995 4069 1131 4117 mortem
1149 4054 1252 4116 fratris
1268 4056 1332 4117 mei
1349 4057 1519 4118 minimum

260 4165 470 4245 quadrantem
495 4183 558 4224 non
585 4163 751 4241 dederunt,
769 4182 840 4223 cum
867 4163 966 4223 immo
990 4181 1046 4244 pre
1068 4161 1175 4223 nimiis
1196 4162 1291 4223 minis
1307 4163 1382 4223 dicti
1400 4163 1518 4224 Mathia

259 4290 317 4331 nec
340 4290 435 4331 ausus
468 4268 512 4328 lui
537 4269 609 4329 illac
635 4268 782 4330 accedere
815 4281 845 4329 et
868 4268 931 4349 jam
955 4281 1028 4329 sunt
1050 4281 1123 4349 post
1156 4281 1292 4329 mortem
1316 4268 1392 4328 dicti
1416 4267 1519 4329 fratris

259 4376 321 4436 mei
347 4376 423 4437 certi
454 4374 528 4434 anni
561 4375 671 4455 elapsi.
696 4375 794 4455 Igitur
825 4376 849 4434 si
874 4374 960 4455 juxta
984 4373 1150 4435 arbitrium
1183 4373 1358 4450 proborum
1383 4395 1400 4434 a
1430 4388 1518 4434 tanto

259 4494 402 4561 tempore
442 4480 481 4540 de
519 4480 728 4561 percepcione
764 4479 925 4541 fructuum
960 4481 1042 4541 dicte
1077 4479 1239 4561 porcionis
1271 4479 1518 4560 possessionarie

259 4585 381 4664 aliquid
405 4604 456 4645 me
481 4587 688 4664 concernerit,
713 4586 793 4647 illud
816 4586 936 4647 eisdem
960 4586 1033 4667 lego
1058 4585 1198 4646 dominis
1214 4585 1432 4666 prebendariis
1448 4604 1518 4665 pre·

260 4691 393 4772 scriptis.
417 4692 620 4752 Presentibus
652 4692 771 4754 ibidem
803 4692 985 4754 honorabili
1010 4692 1181 4753 Dominico
1212 4691 1352 4772 plebano
1376 4692 1408 4752 in
1434 4690 1517 4752 dicta

259 4795 444 4876 Progowcz,
468 4795 649 4860 confessore
671 4817 730 4880 pro
754 4813 829 4860 tunc
852 4818 925 4861 meo
949 4810 980 4859 et
995 4798 1148 4880 scriptore
1163 4798 1376 4879 presencium,
1392 4816 1518 4859 necnon
