<?xml version="1.0" encoding="UTF-8"?>
<!DOCTYPE html PUBLIC "-//W3C//DTD XHTML 1.0 Transitional//EN"
    "http://www.w3.org/TR/xhtml1/DTD/xhtml1-transitional.dtd">
<html xmlns="http://www.w3.org/1999/xhtml" xml:lang="en" lang="en">
 <head>
  <title>
</title>
<meta http-equiv="Content-Type" content="text/html;charset=utf-8" />
  <meta name='ocr-system' content='tesseract 3.04.00' />
  <meta name='ocr-capabilities' content='ocr_page ocr_carea ocr_par ocr_line ocrx_word'/>
</head>
<body>
  <div class='ocr_page' id='page_1' title='image "./monumentahistor12laszgoog_0211.png"; bbox 0 0 3472 5242; ppageno 0'>
   <div class='ocr_carea' id='block_1_1' title="bbox 682 331 1084 407">
    <p class='ocr_par' dir='ltr' id='par_1_1' title="bbox 682 331 1084 407">
     <span class='ocr_line' id='line_1_1' title="bbox 682 331 1084 407; baseline 0 -19"><span class='ocrx_word' id='word_1_1' title='bbox 682 331 753 391; x_wconf 83' lang='lat' dir='ltr'>Doc.</span> <span class='ocrx_word' id='word_1_2' title='bbox 776 342 823 407; x_wconf 83' lang='lat'>75.</span> <span class='ocrx_word' id='word_1_3' title='bbox 850 365 887 375; x_wconf 89' lang='lat'>-</span> <span class='ocrx_word' id='word_1_4' title='bbox 913 332 970 392; x_wconf 84' lang='lat' dir='ltr'>An.</span> <span class='ocrx_word' id='word_1_5' title='bbox 996 343 1084 405; x_wconf 76' lang='lat'><em>1510.</em></span> 
     </span>
    </p>
   </div>
   <div class='ocr_carea' id='block_1_2' title="bbox 250 556 1528 4866">
    <p class='ocr_par' dir='ltr' id='par_1_2' title="bbox 250 556 1528 4866">
     <span class='ocr_line' id='line_1_2' title="bbox 250 556 1515 639; baseline -0.002 -19"><span class='ocrx_word' id='word_1_6' title='bbox 250 572 303 620; x_wconf 91' lang='lat' dir='ltr'>tue</span> <span class='ocrx_word' id='word_1_7' title='bbox 334 558 479 636; x_wconf 84' lang='lat' dir='ltr'>civitatis,</span> <span class='ocrx_word' id='word_1_8' title='bbox 504 559 594 620; x_wconf 91' lang='lat' dir='ltr'>cuius</span> <span class='ocrx_word' id='word_1_9' title='bbox 624 557 755 637; x_wconf 90' lang='lat' dir='ltr'>fructus,</span> <span class='ocrx_word' id='word_1_10' title='bbox 780 559 924 620; x_wconf 90' lang='lat' dir='ltr'>redditus</span> <span class='ocrx_word' id='word_1_11' title='bbox 949 571 980 620; x_wconf 91' lang='lat' dir='ltr'>et</span> <span class='ocrx_word' id='word_1_12' title='bbox 1004 570 1178 639; x_wconf 86' lang='lat' dir='ltr'>proventus</span> <span class='ocrx_word' id='word_1_13' title='bbox 1202 570 1314 619; x_wconf 88' lang='lat' dir='ltr'>tenues</span> <span class='ocrx_word' id='word_1_14' title='bbox 1338 556 1515 618; x_wconf 83' lang='lat' dir='ltr'><strong>admodum</strong></span> 
     </span>
     <span class='ocr_line' id='line_1_3' title="bbox 251 663 1515 746; baseline -0.002 -20"><span class='ocrx_word' id='word_1_15' title='bbox 251 678 306 726; x_wconf 90' lang='lat' dir='ltr'>aut</span> <span class='ocrx_word' id='word_1_16' title='bbox 337 665 417 726; x_wconf 91' lang='lat' dir='ltr'>nulli</span> <span class='ocrx_word' id='word_1_17' title='bbox 449 679 532 743; x_wconf 91' lang='lat' dir='ltr'>sunt,</span> <span class='ocrx_word' id='word_1_18' title='bbox 557 678 587 726; x_wconf 92' lang='lat' dir='ltr'>et</span> <span class='ocrx_word' id='word_1_19' title='bbox 611 664 699 746; x_wconf 93' lang='lat' dir='ltr'>quod</span> <span class='ocrx_word' id='word_1_20' title='bbox 723 667 838 726; x_wconf 82' lang='lat' dir='ltr'>abbate</span> <span class='ocrx_word' id='word_1_21' title='bbox 864 678 894 726; x_wconf 96' lang='lat' dir='ltr'>et</span> <span class='ocrx_word' id='word_1_22' title='bbox 919 677 1080 725; x_wconf 88' lang='lat' dir='ltr'>conventu</span> <span class='ocrx_word' id='word_1_23' title='bbox 1106 677 1200 742; x_wconf 92' lang='lat' dir='ltr'>caret,</span> <span class='ocrx_word' id='word_1_24' title='bbox 1225 663 1306 725; x_wconf 93' lang='lat' dir='ltr'>ordo</span> <span class='ocrx_word' id='word_1_25' title='bbox 1329 663 1515 724; x_wconf 85' lang='lat' dir='ltr'>huiusmodi</span> 
     </span>
     <span class='ocr_line' id='line_1_4' title="bbox 253 768 1516 853; baseline -0.002 -21"><span class='ocrx_word' id='word_1_26' title='bbox 253 784 409 853; x_wconf 90' lang='lat' dir='ltr'>perpetuo</span> <span class='ocrx_word' id='word_1_27' title='bbox 434 770 696 852; x_wconf 82' lang='lat' dir='ltr'>supprimeretur,</span> <span class='ocrx_word' id='word_1_28' title='bbox 713 784 744 832; x_wconf 92' lang='lat' dir='ltr'>et</span> <span class='ocrx_word' id='word_1_29' title='bbox 761 770 801 832; x_wconf 90' lang='lat' dir='ltr'>ad</span> <span class='ocrx_word' id='word_1_30' title='bbox 819 770 961 832; x_wconf 89' lang='lat' dir='ltr'>eiusdem</span> <span class='ocrx_word' id='word_1_31' title='bbox 979 769 1164 831; x_wconf 89' lang='lat' dir='ltr'>monasterii</span> <span class='ocrx_word' id='word_1_32' title='bbox 1183 769 1360 846; x_wconf 89' lang='lat' dir='ltr'>ecclesiam,</span> <span class='ocrx_word' id='word_1_33' title='bbox 1377 768 1516 850; x_wconf 90' lang='lat' dir='ltr'>quedam</span> 
     </span>
     <span class='ocr_line' id='line_1_5' title="bbox 252 875 1515 959; baseline 0 -22"><span class='ocrx_word' id='word_1_34' title='bbox 252 875 442 959; x_wconf 88' lang='lat' dir='ltr'>parochialis</span> <span class='ocrx_word' id='word_1_35' title='bbox 466 876 598 938; x_wconf 89' lang='lat' dir='ltr'>ecclesia</span> <span class='ocrx_word' id='word_1_36' title='bbox 623 877 655 937; x_wconf 92' lang='lat' dir='ltr'>in</span> <span class='ocrx_word' id='word_1_37' title='bbox 680 876 752 937; x_wconf 94' lang='lat' dir='ltr'>loco</span> <span class='ocrx_word' id='word_1_38' title='bbox 776 876 816 938; x_wconf 95' lang='lat' dir='ltr'>ad</span> <span class='ocrx_word' id='word_1_39' title='bbox 840 877 1082 958; x_wconf 89' lang='lat' dir='ltr'>propugnacula</span> <span class='ocrx_word' id='word_1_40' title='bbox 1101 875 1286 937; x_wconf 88' lang='lat' dir='ltr'>huiusmodi</span> <span class='ocrx_word' id='word_1_41' title='bbox 1303 875 1515 937; x_wconf 88' lang='lat' dir='ltr'>construenda</span> 
     </span>
     <span class='ocr_line' id='line_1_6' title="bbox 252 981 1517 1063; baseline -0.002 -19"><span class='ocrx_word' id='word_1_42' title='bbox 252 982 430 1044; x_wconf 89' lang='lat' dir='ltr'>necessario</span> <span class='ocrx_word' id='word_1_43' title='bbox 454 982 640 1060; x_wconf 81' lang='lat' dir='ltr'><strong>consistens,</strong></span> <span class='ocrx_word' id='word_1_44' title='bbox 657 1002 731 1043; x_wconf 95' lang='lat' dir='ltr'>cum</span> <span class='ocrx_word' id='word_1_45' title='bbox 755 983 906 1044; x_wconf 92' lang='lat' dir='ltr'>omnibus</span> <span class='ocrx_word' id='word_1_46' title='bbox 930 982 1052 1042; x_wconf 89' lang='lat' dir='ltr'>iuribus</span> <span class='ocrx_word' id='word_1_47' title='bbox 1069 995 1100 1042; x_wconf 92' lang='lat' dir='ltr'>et</span> <span class='ocrx_word' id='word_1_48' title='bbox 1115 981 1321 1063; x_wconf 83' lang='lat' dir='ltr'>pertinenciis</span> <span class='ocrx_word' id='word_1_49' title='bbox 1337 981 1402 1042; x_wconf 89' lang='lat' dir='ltr'>suis</span> <span class='ocrx_word' id='word_1_50' title='bbox 1418 995 1517 1042; x_wconf 87' lang='lat' dir='ltr'>trans·</span> 
     </span>
     <span class='ocr_line' id='line_1_7' title="bbox 252 1086 1517 1169; baseline -0.001 -20"><span class='ocrx_word' id='word_1_51' title='bbox 252 1086 381 1165; x_wconf 91' lang='lat' dir='ltr'>feretur,</span> <span class='ocrx_word' id='word_1_52' title='bbox 406 1087 569 1169; x_wconf 84' lang='lat' dir='ltr'>ipsiusque</span> <span class='ocrx_word' id='word_1_53' title='bbox 601 1087 792 1169; x_wconf 88' lang='lat' dir='ltr'>parochialis</span> <span class='ocrx_word' id='word_1_54' title='bbox 825 1087 957 1149; x_wconf 88' lang='lat' dir='ltr'>ecclesie</span> <span class='ocrx_word' id='word_1_55' title='bbox 982 1086 1106 1148; x_wconf 84' lang='lat' dir='ltr'>edificia</span> <span class='ocrx_word' id='word_1_56' title='bbox 1131 1107 1227 1168; x_wconf 88' lang='lat' dir='ltr'>parva</span> <span class='ocrx_word' id='word_1_57' title='bbox 1250 1100 1281 1148; x_wconf 92' lang='lat' dir='ltr'>et</span> <span class='ocrx_word' id='word_1_58' title='bbox 1304 1087 1379 1148; x_wconf 89' lang='lat' dir='ltr'>satis</span> <span class='ocrx_word' id='word_1_59' title='bbox 1402 1087 1517 1148; x_wconf 89' lang='lat' dir='ltr'>rustica</span> 
     </span>
     <span class='ocr_line' id='line_1_8' title="bbox 254 1191 1518 1275; baseline -0.002 -20"><span class='ocrx_word' id='word_1_60' title='bbox 254 1194 485 1256; x_wconf 89' lang='lat' dir='ltr'>demolirentur</span> <span class='ocrx_word' id='word_1_61' title='bbox 508 1212 565 1254; x_wconf 91' lang='lat' dir='ltr'>seu</span> <span class='ocrx_word' id='word_1_62' title='bbox 587 1193 665 1255; x_wconf 89' lang='lat' dir='ltr'>alias</span> <span class='ocrx_word' id='word_1_63' title='bbox 686 1214 722 1255; x_wconf 89' lang='lat' dir='ltr'>ea</span> <span class='ocrx_word' id='word_1_64' title='bbox 747 1206 777 1254; x_wconf 92' lang='lat' dir='ltr'>et</span> <span class='ocrx_word' id='word_1_65' title='bbox 794 1194 884 1255; x_wconf 91' lang='lat' dir='ltr'>locus</span> <span class='ocrx_word' id='word_1_66' title='bbox 901 1193 967 1275; x_wconf 89' lang='lat' dir='ltr'>ipse</span> <span class='ocrx_word' id='word_1_67' title='bbox 985 1193 1017 1253; x_wconf 93' lang='lat' dir='ltr'>in</span> <span class='ocrx_word' id='word_1_68' title='bbox 1031 1212 1125 1253; x_wconf 89' lang='lat' dir='ltr'>usum</span> <span class='ocrx_word' id='word_1_69' title='bbox 1142 1205 1173 1253; x_wconf 92' lang='lat' dir='ltr'>et</span> <span class='ocrx_word' id='word_1_70' title='bbox 1188 1191 1341 1255; x_wconf 88' lang='lat' dir='ltr'>fabricam</span> <span class='ocrx_word' id='word_1_71' title='bbox 1359 1192 1518 1254; x_wconf 90' lang='lat' dir='ltr'>dictorum</span> 
     </span>
     <span class='ocr_line' id='line_1_9' title="bbox 254 1298 1517 1382; baseline -0.001 -22"><span class='ocrx_word' id='word_1_72' title='bbox 254 1299 570 1382; x_wconf 84' lang='lat' dir='ltr'>propugnaculorum</span> <span class='ocrx_word' id='word_1_73' title='bbox 588 1298 807 1380; x_wconf 85' lang='lat' dir='ltr'>redigerentur</span> <span class='ocrx_word' id='word_1_74' title='bbox 823 1313 854 1360; x_wconf 92' lang='lat' dir='ltr'>et</span> <span class='ocrx_word' id='word_1_75' title='bbox 870 1312 1149 1374; x_wconf 88' lang='lat' dir='ltr'>converterentur;</span> <span class='ocrx_word' id='word_1_76' title='bbox 1170 1311 1290 1360; x_wconf 92' lang='lat' dir='ltr'>etcum</span> <span class='ocrx_word' id='word_1_77' title='bbox 1307 1298 1388 1359; x_wconf 89' lang='lat' dir='ltr'>sicut</span> <span class='ocrx_word' id='word_1_78' title='bbox 1404 1298 1517 1360; x_wconf 89' lang='lat' dir='ltr'>eadem</span> 
     </span>
     <span class='ocr_line' id='line_1_10' title="bbox 255 1404 1518 1488; baseline -0.002 -21"><span class='ocrx_word' id='word_1_79' title='bbox 255 1406 373 1488; x_wconf 90' lang='lat' dir='ltr'>peticio</span> <span class='ocrx_word' id='word_1_80' title='bbox 409 1404 633 1486; x_wconf 91' lang='lat' dir='ltr'>subiungebat,</span> <span class='ocrx_word' id='word_1_81' title='bbox 669 1405 701 1467; x_wconf 92' lang='lat' dir='ltr'>in</span> <span class='ocrx_word' id='word_1_82' title='bbox 733 1418 798 1466; x_wconf 91' lang='lat' dir='ltr'>tota</span> <span class='ocrx_word' id='word_1_83' title='bbox 830 1419 883 1467; x_wconf 90' lang='lat' dir='ltr'>tua</span> <span class='ocrx_word' id='word_1_84' title='bbox 915 1405 1035 1466; x_wconf 89' lang='lat' dir='ltr'>diocesi</span> <span class='ocrx_word' id='word_1_85' title='bbox 1069 1418 1272 1486; x_wconf 86' lang='lat' dir='ltr'>preterquam</span> <span class='ocrx_word' id='word_1_86' title='bbox 1304 1404 1399 1465; x_wconf 89' lang='lat' dir='ltr'>unius</span> <span class='ocrx_word' id='word_1_87' title='bbox 1430 1404 1518 1465; x_wconf 88' lang='lat' dir='ltr'>chas-</span> 
     </span>
     <span class='ocr_line' id='line_1_11' title="bbox 254 1509 1518 1592; baseline -0.002 -18"><span class='ocrx_word' id='word_1_88' title='bbox 254 1512 373 1574; x_wconf 84' lang='lat' dir='ltr'>mensis</span> <span class='ocrx_word' id='word_1_89' title='bbox 396 1511 563 1592; x_wconf 89' lang='lat' dir='ltr'>collegiate</span> <span class='ocrx_word' id='word_1_90' title='bbox 584 1531 620 1573; x_wconf 90' lang='lat' dir='ltr'>ac</span> <span class='ocrx_word' id='word_1_91' title='bbox 644 1510 809 1572; x_wconf 91' lang='lat' dir='ltr'>cuiusdam</span> <span class='ocrx_word' id='word_1_92' title='bbox 836 1511 1031 1587; x_wconf 89' lang='lat' dir='ltr'>monasterii,</span> <span class='ocrx_word' id='word_1_93' title='bbox 1048 1509 1136 1591; x_wconf 89' lang='lat' dir='ltr'>quod</span> <span class='ocrx_word' id='word_1_94' title='bbox 1161 1510 1260 1571; x_wconf 95' lang='lat' dir='ltr'>modo</span> <span class='ocrx_word' id='word_1_95' title='bbox 1281 1530 1299 1571; x_wconf 88' lang='lat' dir='ltr'>a</span> <span class='ocrx_word' id='word_1_96' title='bbox 1321 1510 1408 1572; x_wconf 92' lang='lat' dir='ltr'>laicis</span> <span class='ocrx_word' id='word_1_97' title='bbox 1425 1530 1518 1571; x_wconf 91' lang='lat' dir='ltr'>occu-</span> 
     </span>
     <span class='ocr_line' id='line_1_12' title="bbox 254 1616 1519 1700; baseline -0.003 -20"><span class='ocrx_word' id='word_1_98' title='bbox 254 1632 358 1700; x_wconf 89' lang='lat' dir='ltr'>patur,</span> <span class='ocrx_word' id='word_1_99' title='bbox 390 1617 478 1678; x_wconf 91' lang='lat' dir='ltr'>nulle</span> <span class='ocrx_word' id='word_1_100' title='bbox 511 1636 646 1698; x_wconf 90' lang='lat' dir='ltr'>persone</span> <span class='ocrx_word' id='word_1_101' title='bbox 678 1617 710 1677; x_wconf 93' lang='lat' dir='ltr'>in</span> <span class='ocrx_word' id='word_1_102' title='bbox 745 1617 956 1679; x_wconf 88' lang='lat' dir='ltr'>ecclesiastica</span> <span class='ocrx_word' id='word_1_103' title='bbox 987 1617 1141 1698; x_wconf 82' lang='lat' dir='ltr'>dignitate</span> <span class='ocrx_word' id='word_1_104' title='bbox 1173 1617 1342 1678; x_wconf 91' lang='lat' dir='ltr'>constitute</span> <span class='ocrx_word' id='word_1_105' title='bbox 1375 1616 1519 1694; x_wconf 86' lang='lat' dir='ltr'>existant,</span> 
     </span>
     <span class='ocr_line' id='line_1_13' title="bbox 256 1722 1519 1805; baseline -0.002 -21"><span class='ocrx_word' id='word_1_106' title='bbox 256 1724 373 1804; x_wconf 90' lang='lat' dir='ltr'>quibus</span> <span class='ocrx_word' id='word_1_107' title='bbox 396 1743 489 1784; x_wconf 89' lang='lat' dir='ltr'>cause</span> <span class='ocrx_word' id='word_1_108' title='bbox 513 1743 530 1783; x_wconf 92' lang='lat' dir='ltr'>a</span> <span class='ocrx_word' id='word_1_109' title='bbox 554 1722 628 1784; x_wconf 91' lang='lat' dir='ltr'>sede</span> <span class='ocrx_word' id='word_1_110' title='bbox 646 1723 820 1803; x_wconf 88' lang='lat' dir='ltr'>apostolica</span> <span class='ocrx_word' id='word_1_111' title='bbox 841 1723 996 1785; x_wconf 88' lang='lat' dir='ltr'>committi</span> <span class='ocrx_word' id='word_1_112' title='bbox 1023 1723 1154 1805; x_wconf 90' lang='lat' dir='ltr'>possint,</span> <span class='ocrx_word' id='word_1_113' title='bbox 1171 1723 1196 1784; x_wconf 90' lang='lat' dir='ltr'>si</span> <span class='ocrx_word' id='word_1_114' title='bbox 1215 1723 1286 1803; x_wconf 92' lang='lat' dir='ltr'>quis</span> <span class='ocrx_word' id='word_1_115' title='bbox 1302 1742 1360 1804; x_wconf 94' lang='lat' dir='ltr'>pro</span> <span class='ocrx_word' id='word_1_116' title='bbox 1376 1737 1519 1804; x_wconf 90' lang='lat' dir='ltr'>tempore</span> 
     </span>
     <span class='ocr_line' id='line_1_14' title="bbox 256 1826 1520 1909; baseline -0.002 -18"><span class='ocrx_word' id='word_1_117' title='bbox 256 1829 393 1891; x_wconf 88' lang='lat' dir='ltr'>existens</span> <span class='ocrx_word' id='word_1_118' title='bbox 416 1842 519 1889; x_wconf 89' lang='lat' dir='ltr'>rector</span> <span class='ocrx_word' id='word_1_119' title='bbox 543 1827 626 1890; x_wconf 91' lang='lat' dir='ltr'>dicte</span> <span class='ocrx_word' id='word_1_120' title='bbox 650 1827 867 1890; x_wconf 86' lang='lat' dir='ltr'>transferende</span> <span class='ocrx_word' id='word_1_121' title='bbox 892 1828 1035 1906; x_wconf 89' lang='lat' dir='ltr'>ecclesie,</span> <span class='ocrx_word' id='word_1_122' title='bbox 1053 1840 1222 1909; x_wconf 89' lang='lat' dir='ltr'>postquam</span> <span class='ocrx_word' id='word_1_123' title='bbox 1247 1828 1398 1889; x_wconf 89' lang='lat' dir='ltr'>translata</span> <span class='ocrx_word' id='word_1_124' title='bbox 1415 1826 1520 1906; x_wconf 90' lang='lat' dir='ltr'>fuerit,</span> 
     </span>
     <span class='ocr_line' id='line_1_15' title="bbox 257 1933 1521 2016; baseline 0 -20"><span class='ocrx_word' id='word_1_125' title='bbox 257 1948 371 1996; x_wconf 83' lang='lat' dir='ltr'>extunc</span> <span class='ocrx_word' id='word_1_126' title='bbox 396 1934 436 1996; x_wconf 93' lang='lat' dir='ltr'>de</span> <span class='ocrx_word' id='word_1_127' title='bbox 461 1949 566 1996; x_wconf 90' lang='lat' dir='ltr'>cetero</span> <span class='ocrx_word' id='word_1_128' title='bbox 590 1935 752 2016; x_wconf 91' lang='lat' dir='ltr'>perpetuis</span> <span class='ocrx_word' id='word_1_129' title='bbox 778 1933 892 1996; x_wconf 90' lang='lat' dir='ltr'>futuris</span> <span class='ocrx_word' id='word_1_130' title='bbox 908 1935 1107 2016; x_wconf 89' lang='lat' dir='ltr'>temporibus</span> <span class='ocrx_word' id='word_1_131' title='bbox 1122 1934 1303 2016; x_wconf 90' lang='lat' dir='ltr'>prepositus</span> <span class='ocrx_word' id='word_1_132' title='bbox 1319 1947 1521 2016; x_wconf 89' lang='lat' dir='ltr'>nuncupetur</span> 
     </span>
     <span class='ocr_line' id='line_1_16' title="bbox 258 2039 1520 2122; baseline -0.001 -20"><span class='ocrx_word' id='word_1_133' title='bbox 258 2041 298 2103; x_wconf 95' lang='lat' dir='ltr'>ad</span> <span class='ocrx_word' id='word_1_134' title='bbox 323 2039 470 2101; x_wconf 84' lang='lat' dir='ltr'>effectum</span> <span class='ocrx_word' id='word_1_135' title='bbox 495 2053 529 2101; x_wconf 96' lang='lat' dir='ltr'>ut</span> <span class='ocrx_word' id='word_1_136' title='bbox 553 2040 581 2100; x_wconf 93' lang='lat' dir='ltr'>ei</span> <span class='ocrx_word' id='word_1_137' title='bbox 606 2053 759 2120; x_wconf 90' lang='lat' dir='ltr'>tanquam</span> <span class='ocrx_word' id='word_1_138' title='bbox 782 2060 918 2122; x_wconf 89' lang='lat' dir='ltr'>persone</span> <span class='ocrx_word' id='word_1_139' title='bbox 945 2040 976 2101; x_wconf 91' lang='lat' dir='ltr'>in</span> <span class='ocrx_word' id='word_1_140' title='bbox 1003 2039 1157 2120; x_wconf 85' lang='lat' dir='ltr'>dignitate</span> <span class='ocrx_word' id='word_1_141' title='bbox 1175 2039 1386 2121; x_wconf 85' lang='lat' dir='ltr'>ecclesiastica</span> <span class='ocrx_word' id='word_1_142' title='bbox 1402 2041 1520 2102; x_wconf 91' lang='lat' dir='ltr'>consti·</span> 
     </span>
     <span class='ocr_line' id='line_1_17' title="bbox 257 2144 1520 2227; baseline -0.001 -19"><span class='ocrx_word' id='word_1_143' title='bbox 257 2159 334 2224; x_wconf 90' lang='lat' dir='ltr'>tute,</span> <span class='ocrx_word' id='word_1_144' title='bbox 350 2165 443 2206; x_wconf 89' lang='lat' dir='ltr'>cause</span> <span class='ocrx_word' id='word_1_145' title='bbox 467 2165 484 2205; x_wconf 92' lang='lat' dir='ltr'>a</span> <span class='ocrx_word' id='word_1_146' title='bbox 509 2144 583 2205; x_wconf 92' lang='lat' dir='ltr'>sede</span> <span class='ocrx_word' id='word_1_147' title='bbox 608 2145 748 2226; x_wconf 89' lang='lat' dir='ltr'>predicta</span> <span class='ocrx_word' id='word_1_148' title='bbox 773 2145 930 2206; x_wconf 91' lang='lat' dir='ltr'>committi</span> <span class='ocrx_word' id='word_1_149' title='bbox 954 2146 1085 2227; x_wconf 87' lang='lat' dir='ltr'>possint,</span> <span class='ocrx_word' id='word_1_150' title='bbox 1103 2145 1135 2205; x_wconf 91' lang='lat' dir='ltr'>in</span> <span class='ocrx_word' id='word_1_151' title='bbox 1162 2145 1316 2226; x_wconf 88' lang='lat' dir='ltr'>dignitate</span> <span class='ocrx_word' id='word_1_152' title='bbox 1335 2145 1520 2207; x_wconf 92' lang='lat' dir='ltr'>huiusmodi</span> 
     </span>
     <span class='ocr_line' id='line_1_18' title="bbox 258 2250 1520 2332; baseline 0 -20"><span class='ocrx_word' id='word_1_153' title='bbox 258 2251 448 2312; x_wconf 90' lang='lat' dir='ltr'>constitutus</span> <span class='ocrx_word' id='word_1_154' title='bbox 472 2263 654 2326; x_wconf 72' lang='lat' dir='ltr'>censeatur,</span> <span class='ocrx_word' id='word_1_155' title='bbox 686 2250 840 2332; x_wconf 92' lang='lat' dir='ltr'>quodque</span> <span class='ocrx_word' id='word_1_156' title='bbox 864 2251 981 2331; x_wconf 89' lang='lat' dir='ltr'>aliquis</span> <span class='ocrx_word' id='word_1_157' title='bbox 1005 2272 1042 2312; x_wconf 92' lang='lat' dir='ltr'>ex</span> <span class='ocrx_word' id='word_1_158' title='bbox 1067 2251 1264 2330; x_wconf 85' lang='lat' dir='ltr'>zagrabiensi</span> <span class='ocrx_word' id='word_1_159' title='bbox 1289 2263 1320 2311; x_wconf 93' lang='lat' dir='ltr'>et</span> <span class='ocrx_word' id='word_1_160' title='bbox 1343 2251 1520 2313; x_wconf 90' lang='lat' dir='ltr'>chasmensi</span> 
     </span>
     <span class='ocr_line' id='line_1_19' title="bbox 258 2355 1521 2439; baseline -0.001 -21"><span class='ocrx_word' id='word_1_161' title='bbox 258 2355 464 2418; x_wconf 88' lang='lat' dir='ltr'>ecclesiarum</span> <span class='ocrx_word' id='word_1_162' title='bbox 487 2356 702 2438; x_wconf 89' lang='lat' dir='ltr'>predictarum</span> <span class='ocrx_word' id='word_1_163' title='bbox 728 2357 890 2419; x_wconf 91' lang='lat' dir='ltr'>canonicis</span> <span class='ocrx_word' id='word_1_164' title='bbox 915 2356 1131 2439; x_wconf 86' lang='lat' dir='ltr'>parochialem</span> <span class='ocrx_word' id='word_1_165' title='bbox 1156 2357 1322 2417; x_wconf 87' lang='lat' dir='ltr'>ecclesiam</span> <span class='ocrx_word' id='word_1_166' title='bbox 1346 2356 1521 2438; x_wconf 88' lang='lat' dir='ltr'>predictam</span> 
     </span>
     <span class='ocr_line' id='line_1_20' title="bbox 259 2460 1522 2543; baseline 0 -20"><span class='ocrx_word' id='word_1_167' title='bbox 259 2475 289 2523; x_wconf 90' lang='lat' dir='ltr'>et</span> <span class='ocrx_word' id='word_1_168' title='bbox 313 2461 412 2542; x_wconf 89' lang='lat' dir='ltr'>ipsius</span> <span class='ocrx_word' id='word_1_169' title='bbox 434 2461 624 2543; x_wconf 88' lang='lat' dir='ltr'>parochialis</span> <span class='ocrx_word' id='word_1_170' title='bbox 651 2462 782 2523; x_wconf 89' lang='lat' dir='ltr'>ecclesie</span> <span class='ocrx_word' id='word_1_171' title='bbox 808 2477 920 2540; x_wconf 88' lang='lat' dir='ltr'>rector,</span> <span class='ocrx_word' id='word_1_172' title='bbox 945 2463 1000 2542; x_wconf 92' lang='lat' dir='ltr'>qui</span> <span class='ocrx_word' id='word_1_173' title='bbox 1025 2481 1082 2543; x_wconf 92' lang='lat' dir='ltr'>pro</span> <span class='ocrx_word' id='word_1_174' title='bbox 1106 2474 1251 2542; x_wconf 90' lang='lat' dir='ltr'>tempore</span> <span class='ocrx_word' id='word_1_175' title='bbox 1276 2460 1403 2537; x_wconf 86' lang='lat' dir='ltr'>fuerint,</span> <span class='ocrx_word' id='word_1_176' title='bbox 1429 2482 1522 2523; x_wconf 92' lang='lat' dir='ltr'>cano-</span> 
     </span>
     <span class='ocr_line' id='line_1_21' title="bbox 259 2567 1521 2649; baseline -0.001 -20"><span class='ocrx_word' id='word_1_177' title='bbox 259 2569 399 2629; x_wconf 90' lang='lat' dir='ltr'>nicatum</span> <span class='ocrx_word' id='word_1_178' title='bbox 425 2581 455 2628; x_wconf 91' lang='lat' dir='ltr'>et</span> <span class='ocrx_word' id='word_1_179' title='bbox 478 2567 674 2649; x_wconf 89' lang='lat' dir='ltr'>prebendam</span> <span class='ocrx_word' id='word_1_180' title='bbox 701 2569 732 2629; x_wconf 92' lang='lat' dir='ltr'>in</span> <span class='ocrx_word' id='word_1_181' title='bbox 757 2568 865 2649; x_wconf 91' lang='lat' dir='ltr'>aliqua</span> <span class='ocrx_word' id='word_1_182' title='bbox 890 2589 927 2629; x_wconf 88' lang='lat' dir='ltr'>ex</span> <span class='ocrx_word' id='word_1_183' title='bbox 952 2568 1044 2628; x_wconf 92' lang='lat' dir='ltr'>dictis</span> <span class='ocrx_word' id='word_1_184' title='bbox 1068 2568 1265 2648; x_wconf 89' lang='lat' dir='ltr'>zagrabiensi</span> <span class='ocrx_word' id='word_1_185' title='bbox 1290 2581 1321 2628; x_wconf 83' lang='lat' dir='ltr'>et</span> <span class='ocrx_word' id='word_1_186' title='bbox 1344 2567 1521 2628; x_wconf 90' lang='lat' dir='ltr'>chasmensi</span> 
     </span>
     <span class='ocr_line' id='line_1_22' title="bbox 260 2671 1522 2755; baseline -0.002 -20"><span class='ocrx_word' id='word_1_187' title='bbox 260 2673 401 2735; x_wconf 91' lang='lat' dir='ltr'>ecclesiis</span> <span class='ocrx_word' id='word_1_188' title='bbox 431 2673 575 2734; x_wconf 90' lang='lat' dir='ltr'>obtinere</span> <span class='ocrx_word' id='word_1_189' title='bbox 602 2693 667 2735; x_wconf 94' lang='lat' dir='ltr'>non</span> <span class='ocrx_word' id='word_1_190' title='bbox 693 2673 792 2755; x_wconf 92' lang='lat' dir='ltr'>possit</span> <span class='ocrx_word' id='word_1_191' title='bbox 815 2686 1004 2734; x_wconf 89' lang='lat' dir='ltr'>statueretur</span> <span class='ocrx_word' id='word_1_192' title='bbox 1028 2687 1058 2734; x_wconf 92' lang='lat' dir='ltr'>et</span> <span class='ocrx_word' id='word_1_193' title='bbox 1082 2673 1293 2750; x_wconf 87' lang='lat' dir='ltr'>ordinaretur,</span> <span class='ocrx_word' id='word_1_194' title='bbox 1316 2671 1460 2754; x_wconf 89' lang='lat' dir='ltr'>profecto</span> <span class='ocrx_word' id='word_1_195' title='bbox 1485 2694 1522 2734; x_wconf 85' lang='lat' dir='ltr'>ex</span> 
     </span>
     <span class='ocr_line' id='line_1_23' title="bbox 260 2776 1522 2860; baseline 0 -21"><span class='ocrx_word' id='word_1_196' title='bbox 260 2778 320 2839; x_wconf 91' lang='lat' dir='ltr'>hoc</span> <span class='ocrx_word' id='word_1_197' title='bbox 356 2779 570 2860; x_wconf 88' lang='lat' dir='ltr'>zagrabiensis</span> <span class='ocrx_word' id='word_1_198' title='bbox 606 2779 806 2841; x_wconf 81' lang='lat' dir='ltr'>indemnitati</span> <span class='ocrx_word' id='word_1_199' title='bbox 843 2792 873 2840; x_wconf 96' lang='lat' dir='ltr'>et</span> <span class='ocrx_word' id='word_1_200' title='bbox 908 2778 994 2840; x_wconf 90' lang='lat' dir='ltr'>illius</span> <span class='ocrx_word' id='word_1_201' title='bbox 1025 2798 1061 2839; x_wconf 89' lang='lat' dir='ltr'>ac</span> <span class='ocrx_word' id='word_1_202' title='bbox 1092 2776 1282 2858; x_wconf 90' lang='lat' dir='ltr'>parochialis</span> <span class='ocrx_word' id='word_1_203' title='bbox 1316 2778 1522 2840; x_wconf 90' lang='lat' dir='ltr'>ecclesiarum</span> 
     </span>
     <span class='ocr_line' id='line_1_24' title="bbox 260 2884 1521 2968; baseline -0.001 -22"><span class='ocrx_word' id='word_1_204' title='bbox 260 2884 474 2968; x_wconf 88' lang='lat' dir='ltr'>predictarum</span> <span class='ocrx_word' id='word_1_205' title='bbox 491 2885 584 2946; x_wconf 89' lang='lat' dir='ltr'>statui</span> <span class='ocrx_word' id='word_1_206' title='bbox 603 2904 676 2945; x_wconf 90' lang='lat' dir='ltr'>cum</span> <span class='ocrx_word' id='word_1_207' title='bbox 693 2884 793 2945; x_wconf 88' lang='lat' dir='ltr'>divini</span> <span class='ocrx_word' id='word_1_208' title='bbox 811 2884 914 2945; x_wconf 89' lang='lat' dir='ltr'>cultus</span> <span class='ocrx_word' id='word_1_209' title='bbox 930 2897 1103 2964; x_wconf 90' lang='lat' dir='ltr'>augmento</span> <span class='ocrx_word' id='word_1_210' title='bbox 1121 2895 1152 2943; x_wconf 92' lang='lat' dir='ltr'>et</span> <span class='ocrx_word' id='word_1_211' title='bbox 1168 2902 1376 2963; x_wconf 89' lang='lat' dir='ltr'>personarum</span> <span class='ocrx_word' id='word_1_212' title='bbox 1394 2884 1521 2945; x_wconf 89' lang='lat' dir='ltr'>illarum</span> 
     </span>
     <span class='ocr_line' id='line_1_25' title="bbox 260 2987 1522 3075; baseline -0.003 -21"><span class='ocrx_word' id='word_1_213' title='bbox 260 2992 403 3075; x_wconf 92' lang='lat' dir='ltr'>parcium</span> <span class='ocrx_word' id='word_1_214' title='bbox 432 3010 490 3073; x_wconf 93' lang='lat' dir='ltr'>pro</span> <span class='ocrx_word' id='word_1_215' title='bbox 522 2991 645 3051; x_wconf 88' lang='lat' dir='ltr'>iusticie</span> <span class='ocrx_word' id='word_1_216' title='bbox 676 2990 853 3052; x_wconf 91' lang='lat' dir='ltr'>ministerio</span> <span class='ocrx_word' id='word_1_217' title='bbox 885 2990 924 3051; x_wconf 91' lang='lat' dir='ltr'>ad</span> <span class='ocrx_word' id='word_1_218' title='bbox 955 2988 1063 3050; x_wconf 90' lang='lat' dir='ltr'>sedem</span> <span class='ocrx_word' id='word_1_219' title='bbox 1097 2987 1272 3070; x_wconf 90' lang='lat' dir='ltr'>predictam</span> <span class='ocrx_word' id='word_1_220' title='bbox 1297 3009 1354 3070; x_wconf 91' lang='lat' dir='ltr'>pro</span> <span class='ocrx_word' id='word_1_221' title='bbox 1378 3003 1522 3072; x_wconf 91' lang='lat' dir='ltr'>tempore</span> 
     </span>
     <span class='ocr_line' id='line_1_26' title="bbox 260 3093 1522 3177; baseline -0.003 -17"><span class='ocrx_word' id='word_1_222' title='bbox 260 3096 491 3160; x_wconf 89' lang='lat' dir='ltr'>recurrentium</span> <span class='ocrx_word' id='word_1_223' title='bbox 511 3095 795 3158; x_wconf 86' lang='lat' dir='ltr'>commoditatibus</span> <span class='ocrx_word' id='word_1_224' title='bbox 812 3108 970 3177; x_wconf 90' lang='lat' dir='ltr'>oportune</span> <span class='ocrx_word' id='word_1_225' title='bbox 988 3094 1216 3155; x_wconf 91' lang='lat' dir='ltr'>consuleretur.</span> <span class='ocrx_word' id='word_1_226' title='bbox 1234 3093 1342 3167; x_wconf 89' lang='lat' dir='ltr'>Quare</span> <span class='ocrx_word' id='word_1_227' title='bbox 1360 3115 1418 3176; x_wconf 91' lang='lat' dir='ltr'>pro</span> <span class='ocrx_word' id='word_1_228' title='bbox 1435 3109 1522 3177; x_wconf 92' lang='lat' dir='ltr'>parte</span> 
     </span>
     <span class='ocr_line' id='line_1_27' title="bbox 260 3198 1523 3282; baseline -0.004 -15"><span class='ocrx_word' id='word_1_229' title='bbox 260 3218 314 3267; x_wconf 89' lang='lat' dir='ltr'>tua</span> <span class='ocrx_word' id='word_1_230' title='bbox 342 3203 435 3265; x_wconf 91' lang='lat' dir='ltr'>nobis</span> <span class='ocrx_word' id='word_1_231' title='bbox 466 3200 526 3263; x_wconf 91' lang='lat' dir='ltr'>fuit</span> <span class='ocrx_word' id='word_1_232' title='bbox 557 3201 720 3263; x_wconf 89' lang='lat' dir='ltr'>humiliter</span> <span class='ocrx_word' id='word_1_233' title='bbox 743 3202 969 3282; x_wconf 90' lang='lat' dir='ltr'>supplicatum,</span> <span class='ocrx_word' id='word_1_234' title='bbox 994 3213 1028 3262; x_wconf 92' lang='lat' dir='ltr'>ut</span> <span class='ocrx_word' id='word_1_235' title='bbox 1051 3200 1108 3260; x_wconf 92' lang='lat' dir='ltr'>tibi</span> <span class='ocrx_word' id='word_1_236' title='bbox 1132 3198 1279 3261; x_wconf 91' lang='lat' dir='ltr'>ordinem</span> <span class='ocrx_word' id='word_1_237' title='bbox 1303 3200 1523 3282; x_wconf 88' lang='lat' dir='ltr'>supprimendi</span> 
     </span>
     <span class='ocr_line' id='line_1_28' title="bbox 261 3304 1523 3392; baseline -0.005 -19"><span class='ocrx_word' id='word_1_238' title='bbox 261 3324 292 3373; x_wconf 92' lang='lat' dir='ltr'>et</span> <span class='ocrx_word' id='word_1_239' title='bbox 323 3307 538 3392; x_wconf 90' lang='lat' dir='ltr'>parochialem</span> <span class='ocrx_word' id='word_1_240' title='bbox 572 3307 738 3368; x_wconf 88' lang='lat' dir='ltr'>ecclesiam</span> <span class='ocrx_word' id='word_1_241' title='bbox 768 3306 952 3368; x_wconf 91' lang='lat' dir='ltr'>huiusmodi</span> <span class='ocrx_word' id='word_1_242' title='bbox 983 3304 1194 3366; x_wconf 89' lang='lat' dir='ltr'>transferendi</span> <span class='ocrx_word' id='word_1_243' title='bbox 1226 3318 1256 3366; x_wconf 90' lang='lat' dir='ltr'>et</span> <span class='ocrx_word' id='word_1_244' title='bbox 1287 3305 1374 3366; x_wconf 91' lang='lat' dir='ltr'>illius</span> <span class='ocrx_word' id='word_1_245' title='bbox 1398 3305 1523 3367; x_wconf 86' lang='lat' dir='ltr'>edificia</span> 
     </span>
     <span class='ocr_line' id='line_1_29' title="bbox 262 3409 1524 3493; baseline -0.005 -15"><span class='ocrx_word' id='word_1_246' title='bbox 262 3415 411 3478; x_wconf 91' lang='lat' dir='ltr'>demoliri</span> <span class='ocrx_word' id='word_1_247' title='bbox 435 3412 583 3491; x_wconf 90' lang='lat' dir='ltr'>faciendi,</span> <span class='ocrx_word' id='word_1_248' title='bbox 601 3433 702 3493; x_wconf 88' lang='lat' dir='ltr'>eaque</span> <span class='ocrx_word' id='word_1_249' title='bbox 726 3433 761 3473; x_wconf 89' lang='lat' dir='ltr'>ac</span> <span class='ocrx_word' id='word_1_250' title='bbox 782 3413 889 3473; x_wconf 89' lang='lat' dir='ltr'>locum</span> <span class='ocrx_word' id='word_1_251' title='bbox 915 3412 1020 3493; x_wconf 89' lang='lat' dir='ltr'>ipsum</span> <span class='ocrx_word' id='word_1_252' title='bbox 1045 3412 1076 3472; x_wconf 93' lang='lat' dir='ltr'>in</span> <span class='ocrx_word' id='word_1_253' title='bbox 1102 3430 1194 3472; x_wconf 91' lang='lat' dir='ltr'>usum</span> <span class='ocrx_word' id='word_1_254' title='bbox 1219 3423 1249 3471; x_wconf 91' lang='lat' dir='ltr'>et</span> <span class='ocrx_word' id='word_1_255' title='bbox 1267 3409 1420 3472; x_wconf 83' lang='lat' dir='ltr'>fabricam</span> <span class='ocrx_word' id='word_1_256' title='bbox 1442 3411 1524 3474; x_wconf 87' lang='lat' dir='ltr'>redi-</span> 
     </span>
     <span class='ocr_line' id='line_1_30' title="bbox 261 3516 1525 3604; baseline -0.004 -20"><span class='ocrx_word' id='word_1_257' title='bbox 261 3521 359 3604; x_wconf 88' lang='lat' dir='ltr'>gendi</span> <span class='ocrx_word' id='word_1_258' title='bbox 384 3533 414 3581; x_wconf 90' lang='lat' dir='ltr'>et</span> <span class='ocrx_word' id='word_1_259' title='bbox 439 3519 657 3597; x_wconf 88' lang='lat' dir='ltr'>convertendi,</span> <span class='ocrx_word' id='word_1_260' title='bbox 674 3539 710 3579; x_wconf 92' lang='lat' dir='ltr'>ac</span> <span class='ocrx_word' id='word_1_261' title='bbox 735 3533 836 3580; x_wconf 89' lang='lat' dir='ltr'>cetera</span> <span class='ocrx_word' id='word_1_262' title='bbox 862 3518 1020 3580; x_wconf 88' lang='lat' dir='ltr'>statuendi</span> <span class='ocrx_word' id='word_1_263' title='bbox 1047 3531 1077 3578; x_wconf 91' lang='lat' dir='ltr'>et</span> <span class='ocrx_word' id='word_1_264' title='bbox 1100 3516 1282 3595; x_wconf 91' lang='lat' dir='ltr'>ordinandi,</span> <span class='ocrx_word' id='word_1_265' title='bbox 1299 3531 1333 3578; x_wconf 96' lang='lat' dir='ltr'>ut</span> <span class='ocrx_word' id='word_1_266' title='bbox 1357 3516 1525 3599; x_wconf 86' lang='lat' dir='ltr'>prefertur,</span> 
     </span>
     <span class='ocr_line' id='line_1_31' title="bbox 262 3623 1525 3706; baseline -0.002 -17"><span class='ocrx_word' id='word_1_267' title='bbox 262 3628 428 3690; x_wconf 87' lang='lat' dir='ltr'>licenciam</span> <span class='ocrx_word' id='word_1_268' title='bbox 460 3639 491 3686; x_wconf 92' lang='lat' dir='ltr'>et</span> <span class='ocrx_word' id='word_1_269' title='bbox 520 3624 701 3686; x_wconf 84' lang='lat' dir='ltr'>facultatem</span> <span class='ocrx_word' id='word_1_270' title='bbox 727 3624 913 3702; x_wconf 89' lang='lat' dir='ltr'>concedere,</span> <span class='ocrx_word' id='word_1_271' title='bbox 937 3625 1079 3704; x_wconf 90' lang='lat' dir='ltr'>aliasque</span> <span class='ocrx_word' id='word_1_272' title='bbox 1104 3624 1136 3683; x_wconf 91' lang='lat' dir='ltr'>in</span> <span class='ocrx_word' id='word_1_273' title='bbox 1159 3623 1321 3705; x_wconf 90' lang='lat' dir='ltr'>premissis</span> <span class='ocrx_word' id='word_1_274' title='bbox 1344 3638 1525 3706; x_wconf 91' lang='lat' dir='ltr'>opportune</span> 
     </span>
     <span class='ocr_line' id='line_1_32' title="bbox 262 3729 1526 3814; baseline -0.002 -22"><span class='ocrx_word' id='word_1_275' title='bbox 262 3733 431 3814; x_wconf 90' lang='lat' dir='ltr'>providere</span> <span class='ocrx_word' id='word_1_276' title='bbox 456 3730 494 3791; x_wconf 91' lang='lat' dir='ltr'>de</span> <span class='ocrx_word' id='word_1_277' title='bbox 522 3731 716 3810; x_wconf 89' lang='lat' dir='ltr'>benignitate</span> <span class='ocrx_word' id='word_1_278' title='bbox 741 3730 916 3812; x_wconf 91' lang='lat' dir='ltr'>apostolica</span> <span class='ocrx_word' id='word_1_279' title='bbox 940 3729 1155 3809; x_wconf 87' lang='lat' dir='ltr'>dignaremur.</span> <span class='ocrx_word' id='word_1_280' title='bbox 1174 3730 1240 3790; x_wconf 91' lang='lat' dir='ltr'>Nos</span> <span class='ocrx_word' id='word_1_281' title='bbox 1265 3729 1360 3808; x_wconf 90' lang='lat' dir='ltr'>igitur</span> <span class='ocrx_word' id='word_1_282' title='bbox 1380 3729 1471 3810; x_wconf 91' lang='lat' dir='ltr'>pium</span> <span class='ocrx_word' id='word_1_283' title='bbox 1495 3741 1526 3790; x_wconf 90' lang='lat' dir='ltr'>et</span> 
     </span>
     <span class='ocr_line' id='line_1_33' title="bbox 263 3834 1525 3914; baseline -0.002 -16"><span class='ocrx_word' id='word_1_284' title='bbox 263 3837 425 3898; x_wconf 89' lang='lat' dir='ltr'>laudabile</span> <span class='ocrx_word' id='word_1_285' title='bbox 457 3850 548 3896; x_wconf 92' lang='lat' dir='ltr'>tuum</span> <span class='ocrx_word' id='word_1_286' title='bbox 581 3834 774 3895; x_wconf 91' lang='lat' dir='ltr'>desiderium</span> <span class='ocrx_word' id='word_1_287' title='bbox 805 3834 989 3896; x_wconf 89' lang='lat' dir='ltr'>huiusmodi</span> <span class='ocrx_word' id='word_1_288' title='bbox 1023 3835 1198 3914; x_wconf 91' lang='lat' dir='ltr'>plurimum</span> <span class='ocrx_word' id='word_1_289' title='bbox 1224 3835 1254 3894; x_wconf 94' lang='lat' dir='ltr'>in</span> <span class='ocrx_word' id='word_1_290' title='bbox 1280 3834 1414 3896; x_wconf 92' lang='lat' dir='ltr'>domino</span> <span class='ocrx_word' id='word_1_291' title='bbox 1439 3854 1525 3896; x_wconf 90' lang='lat' dir='ltr'>com·</span> 
     </span>
     <span class='ocr_line' id='line_1_34' title="bbox 264 3940 1527 4021; baseline -0.003 -17"><span class='ocrx_word' id='word_1_292' title='bbox 264 3943 462 4018; x_wconf 88' lang='lat' dir='ltr'>mendantes,</span> <span class='ocrx_word' id='word_1_293' title='bbox 493 3955 588 4020; x_wconf 89' lang='lat' dir='ltr'>teque</span> <span class='ocrx_word' id='word_1_294' title='bbox 620 3961 637 4001; x_wconf 91' lang='lat' dir='ltr'>a</span> <span class='ocrx_word' id='word_1_295' title='bbox 670 3941 837 4020; x_wconf 88' lang='lat' dir='ltr'>quibusvis</span> <span class='ocrx_word' id='word_1_296' title='bbox 868 3941 1223 4019; x_wconf 87' lang='lat' dir='ltr'>excommunicacionis,</span> <span class='ocrx_word' id='word_1_297' title='bbox 1248 3940 1465 4021; x_wconf 89' lang='lat' dir='ltr'>suspensionis</span> <span class='ocrx_word' id='word_1_298' title='bbox 1496 3953 1527 4001; x_wconf 90' lang='lat' dir='ltr'>et</span> 
     </span>
     <span class='ocr_line' id='line_1_35' title="bbox 265 4045 1524 4127; baseline -0.002 -18"><span class='ocrx_word' id='word_1_299' title='bbox 265 4047 434 4123; x_wconf 89' lang='lat' dir='ltr'>interdicti,</span> <span class='ocrx_word' id='word_1_300' title='bbox 459 4047 594 4126; x_wconf 91' lang='lat' dir='ltr'>aliisque</span> <span class='ocrx_word' id='word_1_301' title='bbox 628 4047 846 4107; x_wconf 89' lang='lat' dir='ltr'>ecclesiasticis</span> <span class='ocrx_word' id='word_1_302' title='bbox 877 4048 1055 4124; x_wconf 91' lang='lat' dir='ltr'>sentenciis,</span> <span class='ocrx_word' id='word_1_303' title='bbox 1080 4047 1221 4108; x_wconf 90' lang='lat' dir='ltr'>censuris</span> <span class='ocrx_word' id='word_1_304' title='bbox 1248 4060 1279 4107; x_wconf 91' lang='lat' dir='ltr'>et</span> <span class='ocrx_word' id='word_1_305' title='bbox 1304 4046 1394 4127; x_wconf 91' lang='lat' dir='ltr'>penis</span> <span class='ocrx_word' id='word_1_306' title='bbox 1416 4066 1434 4107; x_wconf 91' lang='lat' dir='ltr'>a</span> <span class='ocrx_word' id='word_1_307' title='bbox 1456 4045 1524 4107; x_wconf 92' lang='lat' dir='ltr'>iure</span> 
     </span>
     <span class='ocr_line' id='line_1_36' title="bbox 264 4152 1526 4233; baseline 0.001 -20"><span class='ocrx_word' id='word_1_308' title='bbox 264 4152 316 4213; x_wconf 88' lang='lat' dir='ltr'>vel</span> <span class='ocrx_word' id='word_1_309' title='bbox 341 4155 380 4213; x_wconf 94' lang='lat' dir='ltr'>ab</span> <span class='ocrx_word' id='word_1_310' title='bbox 405 4153 536 4213; x_wconf 92' lang='lat' dir='ltr'>homine</span> <span class='ocrx_word' id='word_1_311' title='bbox 561 4153 673 4232; x_wconf 88' lang='lat' dir='ltr'>quavis</span> <span class='ocrx_word' id='word_1_312' title='bbox 697 4153 864 4213; x_wconf 91' lang='lat' dir='ltr'>occasione</span> <span class='ocrx_word' id='word_1_313' title='bbox 890 4154 940 4213; x_wconf 89' lang='lat' dir='ltr'>vel</span> <span class='ocrx_word' id='word_1_314' title='bbox 959 4173 1052 4214; x_wconf 91' lang='lat' dir='ltr'>causa</span> <span class='ocrx_word' id='word_1_315' title='bbox 1072 4153 1152 4230; x_wconf 91' lang='lat' dir='ltr'>latis,</span> <span class='ocrx_word' id='word_1_316' title='bbox 1169 4153 1194 4212; x_wconf 90' lang='lat' dir='ltr'>si</span> <span class='ocrx_word' id='word_1_317' title='bbox 1212 4153 1328 4233; x_wconf 88' lang='lat' dir='ltr'>quibus</span> <span class='ocrx_word' id='word_1_318' title='bbox 1345 4152 1526 4232; x_wconf 90' lang='lat' dir='ltr'>quomodo·</span> 
     </span>
     <span class='ocr_line' id='line_1_37' title="bbox 266 4257 1526 4340; baseline 0 -22"><span class='ocrx_word' id='word_1_319' title='bbox 266 4258 343 4319; x_wconf 90' lang='lat' dir='ltr'>libet</span> <span class='ocrx_word' id='word_1_320' title='bbox 380 4257 552 4318; x_wconf 87' lang='lat' dir='ltr'>innodatus</span> <span class='ocrx_word' id='word_1_321' title='bbox 591 4257 707 4335; x_wconf 88' lang='lat' dir='ltr'>existis,</span> <span class='ocrx_word' id='word_1_322' title='bbox 740 4258 779 4319; x_wconf 92' lang='lat' dir='ltr'>ad</span> <span class='ocrx_word' id='word_1_323' title='bbox 815 4257 963 4320; x_wconf 84' lang='lat' dir='ltr'>eflectum</span> <span class='ocrx_word' id='word_1_324' title='bbox 1001 4259 1200 4340; x_wconf 89' lang='lat' dir='ltr'>presencium</span> <span class='ocrx_word' id='word_1_325' title='bbox 1232 4258 1384 4318; x_wconf 87' lang='lat' dir='ltr'>duntaxat</span> <span class='ocrx_word' id='word_1_326' title='bbox 1416 4276 1526 4318; x_wconf 92' lang='lat' dir='ltr'>conse·</span> 
     </span>
     <span class='ocr_line' id='line_1_38' title="bbox 266 4361 1526 4442; baseline 0.001 -19"><span class='ocrx_word' id='word_1_327' title='bbox 266 4363 442 4442; x_wconf 90' lang='lat' dir='ltr'>quendum,</span> <span class='ocrx_word' id='word_1_328' title='bbox 475 4361 587 4423; x_wconf 89' lang='lat' dir='ltr'>harum</span> <span class='ocrx_word' id='word_1_329' title='bbox 621 4363 700 4423; x_wconf 91' lang='lat' dir='ltr'>serie</span> <span class='ocrx_word' id='word_1_330' title='bbox 733 4364 934 4425; x_wconf 89' lang='lat' dir='ltr'>absolventes</span> <span class='ocrx_word' id='word_1_331' title='bbox 965 4379 996 4426; x_wconf 92' lang='lat' dir='ltr'>et</span> <span class='ocrx_word' id='word_1_332' title='bbox 1025 4364 1209 4425; x_wconf 88' lang='lat' dir='ltr'>absolutum</span> <span class='ocrx_word' id='word_1_333' title='bbox 1244 4361 1310 4424; x_wconf 90' lang='lat' dir='ltr'>fore</span> <span class='ocrx_word' id='word_1_334' title='bbox 1348 4375 1526 4441; x_wconf 90' lang='lat' dir='ltr'>consentes,</span> 
     </span>
     <span class='ocr_line' id='line_1_39' title="bbox 264 4467 1527 4550; baseline 0.001 -21"><span class='ocrx_word' id='word_1_335' title='bbox 264 4469 328 4529; x_wconf 90' lang='lat' dir='ltr'>tuis</span> <span class='ocrx_word' id='word_1_336' title='bbox 351 4468 383 4528; x_wconf 93' lang='lat' dir='ltr'>in</span> <span class='ocrx_word' id='word_1_337' title='bbox 408 4467 465 4529; x_wconf 92' lang='lat' dir='ltr'>hac</span> <span class='ocrx_word' id='word_1_338' title='bbox 489 4480 576 4549; x_wconf 88' lang='lat' dir='ltr'>parte</span> <span class='ocrx_word' id='word_1_339' title='bbox 601 4468 893 4550; x_wconf 86' lang='lat' dir='ltr'>supplicacionibus</span> <span class='ocrx_word' id='word_1_340' title='bbox 916 4471 1059 4532; x_wconf 89' lang='lat' dir='ltr'>inclinati</span> <span class='ocrx_word' id='word_1_341' title='bbox 1083 4470 1140 4531; x_wconf 90' lang='lat' dir='ltr'>tibi</span> <span class='ocrx_word' id='word_1_342' title='bbox 1165 4468 1311 4530; x_wconf 90' lang='lat' dir='ltr'>ordinem</span> <span class='ocrx_word' id='word_1_343' title='bbox 1337 4469 1369 4528; x_wconf 91' lang='lat' dir='ltr'>in</span> <span class='ocrx_word' id='word_1_344' title='bbox 1393 4469 1527 4549; x_wconf 91' lang='lat' dir='ltr'>antiquo</span> 
     </span>
     <span class='ocr_line' id='line_1_40' title="bbox 266 4573 1527 4654; baseline 0.004 -23"><span class='ocrx_word' id='word_1_345' title='bbox 266 4573 461 4633; x_wconf 88' lang='lat' dir='ltr'>monasterio</span> <span class='ocrx_word' id='word_1_346' title='bbox 494 4573 714 4654; x_wconf 89' lang='lat' dir='ltr'>supprimendi</span> <span class='ocrx_word' id='word_1_347' title='bbox 751 4588 782 4636; x_wconf 91' lang='lat' dir='ltr'>et</span> <span class='ocrx_word' id='word_1_348' title='bbox 816 4575 842 4635; x_wconf 90' lang='lat' dir='ltr'>si</span> <span class='ocrx_word' id='word_1_349' title='bbox 873 4575 912 4636; x_wconf 88' lang='lat' dir='ltr'>ad</span> <span class='ocrx_word' id='word_1_350' title='bbox 944 4575 1005 4636; x_wconf 93' lang='lat' dir='ltr'>hoc</span> <span class='ocrx_word' id='word_1_351' title='bbox 1039 4574 1145 4637; x_wconf 89' lang='lat' dir='ltr'>dilecti</span> <span class='ocrx_word' id='word_1_352' title='bbox 1177 4573 1234 4635; x_wconf 90' lang='lat' dir='ltr'>filii</span> <span class='ocrx_word' id='word_1_353' title='bbox 1265 4574 1412 4635; x_wconf 90' lang='lat' dir='ltr'>moderni</span> <span class='ocrx_word' id='word_1_354' title='bbox 1441 4573 1527 4637; x_wconf 86' lang='lat' dir='ltr'>dicte</span> 
     </span>
     <span class='ocr_line' id='line_1_41' title="bbox 267 4675 1527 4762; baseline 0.005 -26"><span class='ocrx_word' id='word_1_355' title='bbox 267 4675 457 4758; x_wconf 88' lang='lat' dir='ltr'>parochialis</span> <span class='ocrx_word' id='word_1_356' title='bbox 482 4679 614 4740; x_wconf 90' lang='lat' dir='ltr'>ecclesie</span> <span class='ocrx_word' id='word_1_357' title='bbox 638 4680 768 4741; x_wconf 89' lang='lat' dir='ltr'>rectoris</span> <span class='ocrx_word' id='word_1_358' title='bbox 791 4701 956 4762; x_wconf 87' lang='lat' dir='ltr'>expressus</span> <span class='ocrx_word' id='word_1_359' title='bbox 979 4679 1108 4741; x_wconf 89' lang='lat' dir='ltr'>accedat</span> <span class='ocrx_word' id='word_1_360' title='bbox 1130 4698 1286 4757; x_wconf 88' lang='lat' dir='ltr'>assensus,</span> <span class='ocrx_word' id='word_1_361' title='bbox 1310 4679 1411 4761; x_wconf 88' lang='lat' dir='ltr'>ipsam</span> <span class='ocrx_word' id='word_1_362' title='bbox 1435 4699 1527 4761; x_wconf 84' lang='lat' dir='ltr'>paro·</span> 
     </span>
     <span class='ocr_line' id='line_1_42' title="bbox 268 4780 1528 4866; baseline 0.006 -26"><span class='ocrx_word' id='word_1_363' title='bbox 268 4780 403 4842; x_wconf 87' lang='lat' dir='ltr'>cbialem</span> <span class='ocrx_word' id='word_1_364' title='bbox 442 4783 608 4846; x_wconf 87' lang='lat' dir='ltr'>ecclesiam</span> <span class='ocrx_word' id='word_1_365' title='bbox 648 4804 720 4845; x_wconf 91' lang='lat' dir='ltr'>cum</span> <span class='ocrx_word' id='word_1_366' title='bbox 758 4786 909 4847; x_wconf 91' lang='lat' dir='ltr'>omnibus</span> <span class='ocrx_word' id='word_1_367' title='bbox 945 4786 1067 4847; x_wconf 90' lang='lat' dir='ltr'>iuribus</span> <span class='ocrx_word' id='word_1_368' title='bbox 1099 4798 1129 4847; x_wconf 92' lang='lat' dir='ltr'>et</span> <span class='ocrx_word' id='word_1_369' title='bbox 1160 4784 1365 4866; x_wconf 91' lang='lat' dir='ltr'>pertinenciis</span> <span class='ocrx_word' id='word_1_370' title='bbox 1397 4784 1462 4846; x_wconf 88' lang='lat' dir='ltr'>suis</span> <span class='ocrx_word' id='word_1_371' title='bbox 1494 4785 1528 4847; x_wconf 90' lang='lat' dir='ltr'>in</span> 
     </span>
    </p>
   </div>
   <div class='ocr_carea' id='block_1_3' title="bbox 0 0 1760 5242">
    <p class='ocr_par' dir='ltr' id='par_1_3' title="bbox 0 0 1760 5242">
     <span class='ocr_line' id='line_1_43' title="bbox 0 0 1760 5242; baseline 0 0"><span class='ocrx_word' id='word_1_372' title='bbox 0 0 1760 5242; x_wconf 95' lang='lat' dir='ltr'> </span> 
     </span>
    </p>
   </div>
  </div>
 </body>
</html>
