3472 5242
253 380 311 442 128
661 382 900 457 Doc.109.-
922 385 980 441 An.
1004 394 1089 458 1515.
1129 441 1133 451 ,

336 593 381 688 ¹(n
400 628 498 692 tergo),
530 631 622 691 ¹5¹4·
647 610 706 671 Die
740 610 904 671 dominico
928 611 1075 692 proximo
1103 626 1176 673 ante
1199 613 1396 675 nativitatem
1422 617 1512 677 beate

248 717 347 779 Marie
380 717 522 798 virginis,
548 717 579 778 in
613 716 866 797 congregacione
889 716 1031 798 generali
1057 717 1211 798 Zagrabie
1235 737 1294 800 pro
1317 717 1513 803 A(ctoribus)

248 804 394 884 Matheus
417 822 517 884 lector
541 841 614 883 cum
641 821 772 900 eisdem,
791 840 850 903 pro
874 820 1050 903 l(ncusatis)
1075 822 1211 884 Michael
1236 823 1392 886 litteratus
1407 824 1512 906 iudex,

246 927 456 1011 p(rocurator)
489 947 546 1009 pro
574 948 607 989 se
639 940 670 988 et
697 946 755 1008 pro
780 926 851 988 aliis
874 926 960 988 idem
984 947 1057 988 cum
1081 929 1269 990 eorumdem
1295 930 1512 992 Incusatorum

247 1035 325 1115 petit
340 1054 397 1116 par
413 1032 540 1095 habere.
567 1033 787 1095 Deliberatum
804 1045 850 1093 est
874 1032 913 1094 de
931 1034 1073 1114 parcium
1090 1034 1266 1113 voluntate,
1284 1049 1318 1097 ut
1334 1055 1428 1098 causa
1445 1038 1512 1118 ipsa

247 1140 278 1201 in
303 1139 444 1220 generali
468 1139 722 1220 congregacione
746 1138 837 1200 Eude
861 1131 1018 1219 primitus
1028 1138 1219 1201 celebranda
1235 1140 1426 1222 revideatur,
1445 1142 1507 1203 dis-

247 1245 383 1307 cutiatur
407 1265 442 1306 ac
466 1244 601 1307 finaliter
624 1245 813 1307 terminetur
836 1245 918 1306 inter
944 1258 1049 1326 partes
1072 1265 1129 1328 per
1152 1247 1272 1328 regiam
1297 1248 1507 1311 Maiestatem.

352 1365 489 1432 Originale
509 1368 533 1418 in
554 1368 651 1432 charta,
663 1367 688 1418 in
709 1367 826 1433 margine
845 1367 964 1418 inferiori
984 1367 1140 1432 impressum
1160 1375 1202 1419 est
1221 1370 1346 1434 sigillum.
1364 1370 1392 1420 ln
1412 1371 1509 1423 archiv.

246 1469 303 1506 ven.
324 1455 409 1518 Capit.
429 1455 493 1508 eccl.
513 1455 619 1520 zagrab.
638 1456 694 1508 Act.
714 1469 771 1519 cap.
790 1461 842 1506 ant.
863 1455 927 1506 fasc.
947 1457 971 1505 6.
991 1470 1030 1505 nr,
1049 1456 1082 1506 28

832 1736 919 1803 109.

351 1861 426 1911 Anno
448 1860 523 1926 1515,
542 1861 566 1910 6.
587 1860 682 1912 martii.
702 1859 798 1912 Budae.

255 1969 422 2028 Vladislaus
448 1970 607 2042 Hungarie
638 1977 686 2028 etc.
709 1987 763 2026 rex
786 1969 875 2027 Petro
897 1968 1065 2027 Berislaoil
1089 1970 1163 2026 bano
1184 1973 1335 2046 praecipit,
1361 1980 1395 2029 ul
1407 1972 1510 2047 privi-

246 2078 327 2150 legiis
357 2077 478 2150 capituli
504 2084 534 2134 et
559 2076 767 2134 communitatis
797 2075 921 2132 civitatis
950 2076 1108 2150 exquisitis,
1134 2075 1168 2132 de
1187 2095 1276 2134 causa
1298 2096 1373 2151 quae
1395 2079 1504 2153 agitur,

280 2180 282 2185 ’
745 2181 913 2238 sententiam
936 2180 1021 2240 dicat.

350 2303 550 2365 Wladislaus
573 2300 624 2362 dei
647 2300 754 2382 gracia
778 2321 830 2362 rex
857 2300 1021 2382 Hungarie
1044 2314 1075 2363 et
1094 2300 1248 2363 Bohemie
1265 2316 1323 2366 etc.
1343 2303 1509 2365 Fidelibus

246 2408 361 2470 nostris
384 2408 560 2470 reverendo
584 2407 617 2468 in
641 2405 770 2468 Christo
794 2406 885 2488 patri,
910 2405 1044 2468 domino
1069 2407 1163 2468 Petro
1187 2408 1335 2490 Reryzlo,
1359 2410 1511 2492 episcopo

248 2514 380 2576 ecclesie
412 2513 670 2595 wesprimiensis,
694 2511 894 2573 thezaurario
926 2525 1046 2593 nostr0,
1071 2532 1106 2574 ac
1130 2532 1303 2595 regnorum
1328 2529 1511 2577 nostrorum

249 2619 427 2698 Dalmacie,
453 2617 587 2680 Croacie
621 2630 652 2680 et
677 2616 849 2678 Sclauonie
883 2618 978 2696 bano,
1006 2617 1215 2699 eiusdemque
1239 2618 1412 2698 vicebanis,
1436 2621 1511 2681 item

246 2724 399 2806 magistro
419 2723 673 2806 prothonotario,
690 2722 866 2804 ceterisque
890 2722 999 2803 juratis
1019 2724 1230 2785 assessoribus
1246 2724 1330 2785 sedis
1346 2724 1511 2806 judiciarie

246 2829 322 2892 dicti
354 2830 443 2911 regni
476 2829 577 2891 nostri
611 2828 793 2907 Sclauonie,
826 2828 961 2889 salutem
994 2841 1025 2890 et
1054 2829 1204 2909 graciam.
1241 2829 1430 2912 Expositum
1466 2845 1512 2892 est

246 2936 340 2997 nobis
363 2936 396 2997 in
420 2935 564 3017 personis
587 2934 732 2996 fidelium
749 2948 931 2996 nostrorum
947 2935 1142 3016 prudentum
1160 2949 1190 2997 et
1207 2935 1510 3018 circumspectorum

245 3041 360 3124 judicis
390 3062 426 3104 ac
457 3041 644 3158 itt-ratorum,
670 3055 915 3121 ceterorumque
946 3040 1065 3102 civium
1097 3041 1232 3103 civitatis
1263 3055 1369 3104 nostre
1395 3042 1513 3104 montis

246 3146 425 3227 Grecensis‚
449 3147 584 3229 qualiter
615 3147 696 3208 inter
728 3147 814 3228 ipsos
845 3159 1041 3228 exponentes
1071 3147 1111 3208 ab
1143 3167 1217 3227 una,
1251 3167 1286 3208 ac
1319 3147 1508 3209 honorabile

246 3254 422 3337 capitulum
447 3253 579 3316 ecclesie
604 3253 818 3335 zagrabiensis
846 3253 988 3334 partibus
1011 3253 1051 3314 ab
1075 3253 1136 3315 alia
1161 3253 1287 3315 racione
1313 3268 1343 3314 et
1367 3266 1510 3335 pretextu

247 3360 414 3422 cuiusdam
445 3358 595 3421 territorii
620 3357 702 3420 dicte
728 3358 863 3419 civitatis
887 3371 992 3419 nostre
1017 3371 1100 3419 certe
1122 3358 1304 3421 differencie
1329 3379 1364 3420 ac
1388 3359 1508 3420 dissen-

246 3466 352 3527 siones
384 3478 451 3526 orte
476 3477 582 3525 essent
605 3476 636 3525 et
658 3464 816 3542 suscitate,
840 3462 1026 3545 dictumque
1051 3464 1226 3546 capitulum
1252 3465 1415 3545 quandam
1440 3485 1510 3547 par-

245 3571 377 3633 ticulam
410 3570 554 3633 eiusdem
586 3570 737 3631 territorii
770 3572 809 3631 ab
840 3570 962 3631 eisdem
998 3570 1233 3651 exponentibus
1264 3582 1448 3652 occupasset
1481 3571 1511 3630 in

203 3657 210 3672 ⁸
247 3677 424 3739 eorundem
462 3675 696 3758 exponencium
732 3675 959 3758 preiudicium,
992 3675 1212 3757 damnumque
1248 3697 1283 3738 ac
1316 3676 1511 3757 derogamen

245 3781 364 3864 jurium
389 3783 531 3865 ipsorum
556 3779 771 3844 manifestum.
798 3781 891 3842 Unde
916 3781 1130 3863 supplicatum
1155 3795 1201 3843 est
1226 3783 1380 3844 Maiestati
1406 3796 1513 3843 nostre

245 3907 304 3969 pro
328 3901 416 3971 parte
440 3901 472 3950 et
494 3889 527 3949 in
551 3888 694 3970 personis
717 3900 942 3948 annotatorum
967 3889 1213 3969 exponencium,
1235 3902 1268 3950 ut
1292 3889 1413 3951 eisdem
1431 3889 1513 3950 circa

227 3994 399 4075 premissa
440 3993 480 4055 de
519 3993 681 4073 condigno
721 3993 798 4073 juris
837 3993 980 4054 remedio
1019 3994 1190 4074 provideri,
1232 4008 1396 4076 metasque
1436 3995 1513 4056 dicti

245 4098 395 4160 territorii
428 4119 483 4180 per
516 4118 574 4160 vos
597 4097 733 4160 revideri
759 4111 788 4159 et
809 4096 972 4160 rectificari
995 4097 1097 4160 lacere
1122 4099 1336 4179 dignaremur.
1363 4100 1511 4174 Quorum

247 4204 487 4287 supplicacione
519 4223 578 4265 nos
612 4202 759 4265 exaudita
792 4218 822 4264 et
854 4203 992 4265 admissa
1016 4204 1167 4265 volumus
1190 4218 1220 4267 et
1243 4204 1387 4266 fidelitati
1411 4219 1512 4266 vestre

248 4308 362 4371 barum
396 4309 475 4370 serie
499 4308 631 4370 firmiter
659 4309 891 4371 committimus
915 4322 946 4371 et
970 4309 1170 4388 mandamus,
1196 4323 1353 4391 quatenus
1377 4311 1513 4393 acceptis

248 4416 450 4496 presentibus
480 4435 538 4497 pro
570 4434 636 4477 uno
668 4429 753 4478 certo
783 4429 814 4477 et
837 4416 925 4478 brevi
950 4417 1088 4478 termino
1113 4417 1268 4478 ambabus
1292 4418 1435 4498 partibus
1458 4437 1515 4499 per

247 4539 304 4581 vos
335 4519 532 4603 prefigendo,
556 4519 597 4582 ad
628 4519 743 4583 faciem
775 4521 939 4604 prescripti
972 4522 1126 4583 territorii
1157 4522 1319 4601 accedere,
1347 4535 1512 4603 metasque

244 4624 390 4688 eiusdem
426 4626 573 4708 antiquas
607 4625 693 4689 iuxta
729 4626 848 4689 litteras
883 4640 914 4690 et
945 4627 1112 4709 privilegia
1142 4627 1286 4708 parcium
1320 4626 1514 4709 prefatarum

243 4731 457 4812 reambulare,
482 4731 691 4814 revidereque
714 4752 751 4795 ac
774 4732 912 4795 limitare
935 4746 967 4795 et
990 4733 1180 4812 discernere,
1204 4733 1345 4816 ipsisque
1369 4735 1513 4819 partibus

244 4833 333 4935 iuxta
364 4855 477 4901 eorum
509 4837 578 4902 iura
608 4838 740 4922 antiqua
772 4851 804 4900 et
834 4837 1013 4923 privilegia,
1038 4851 1073 4901 ut
1099 4839 1145 4900 eis
1168 4840 1332 4925 competit,
1358 4854 1513 4923 perpetuo
