3472 5242
238 351 299 414 302
642 331 760 390 Statuta
782 331 1074 390 Praebendariorum.
1174 352 1175 355 ¹

236 580 293 644 per
328 560 427 622 alium
463 560 648 643 quempiam
680 560 891 642 presbiterum
924 558 1029 620 dicere
1061 573 1092 620 et
1123 558 1275 620 celebrari
1310 557 1412 620 lacere
1444 559 1499 621 de·

236 667 309 728 beat
332 680 363 728 et
397 680 542 728 teneatur
564 668 623 728 sub
658 686 740 749 pena
771 665 885 747 viginti
921 665 1126 727 denariorum
1151 664 1411 727 irremissibiliter
1435 665 1499 726 exi-

236 772 427 854 gendorum.

344 969 392 1026 De
409 976 488 1042 pena
510 965 713 1039 neglegentium
740 963 770 1019 in
785 965 945 1036 premissis.

340 1105 405 1179 Qui
430 1118 537 1165 autem
561 1102 685 1164 domini
706 1099 817 1163 fratres
841 1101 872 1162 in
905 1102 1068 1183 premissis
1100 1104 1150 1164 vel
1182 1104 1214 1166 in
1247 1118 1335 1186 parte
1366 1105 1499 1187 premis-

235 1230 345 1273 sorum
368 1209 602 1292 negligenciam
626 1208 768 1289 aliquam
793 1207 1021 1287 commiserint‚
1045 1209 1124 1270 tales
1147 1210 1306 1290 videlicet,
1331 1212 1386 1293 qui
1406 1212 1497 1273 »Pla-

236 1318 346 1396 cebo,‹
373 1316 405 1376 in
430 1314 635 1395 quindecim;
660 1313 706 1374 illi
730 1331 806 1374 vero
827 1312 944 1394 Vigilie
979 1314 1010 1375 in
1043 1315 1274 1396 quadraginta;
1299 1315 1344 1377 hii
1382 1330 1499 1394 autern,

239 1423 293 1504 qui
318 1422 412 1484 misse
437 1419 545 1482 officio
570 1420 602 1482 in'
626 1419 748 1501 Viginti
783 1420 926 1500 quinque
958 1419 1096 1482 denariis
1127 1420 1409 1504 hungaricalibus;
1444 1422 1499 1504 qui

239 1528 371 1589 veroin
407 1539 475 1588 toto
510 1524 617 1587 officio
653 1524 838 1586 huiusmodi
872 1543 936 1585 non
973 1525 1174 1588 interfuerint
1210 1527 1242 1588 in
1275 1547 1340 1589 uno
1376 1528 1500 1609 integro

239 1633 436 1718 hungaricali
461 1631 584 1693 floreno
608 1632 849 1693 mulctabuntur
872 1644 902 1692 et
919 1631 1129 1713 privabuntur
1153 1633 1221 1714 ipso
1246 1632 1340 1694 lacto.

348 1846 494 1922 Quomodo
515 1847 603 1903 missa
624 1845 874 1921 confraternitates
900 1847 1111 1919 persingulas
1133 1847 1309 1922 festivitates
1341 1847 1502 1905 beatissime

238 1954 362 2028 virginis
385 1953 486 2010 Marie
507 1952 608 2010 debeat
619 1938 739 2025 peragi.

343 2110 503 2173 Volumus
526 2109 637 2186 eciam,
660 2108 747 2189 quod
774 2108 806 2168 in
830 2107 976 2189 quolibet
1001 2105 1081 2168 festo
1112 2107 1340 2187 gloriosissime
1369 2106 1501 2189 virginis

240 2218 351 2296 Marie,
386 2217 496 2279 matris
529 2214 759 2292 misericordie,
793 2212 834 2275 ad
866 2212 1053 2274 mandatum
1089 2212 1213 2273 domini
1249 2212 1362 2274 decani
1400 2213 1500 2275 nostri

242 2323 436 2386 conveniant
468 2340 581 2383 omnes
616 2318 740 2381 domini
783 2317 893 2380 fratres
932 2318 964 2379 in
1002 2317 1134 2379 chorum
1167 2319 1333 2380 benedicte
1371 2318 1502 2400 virginis

241 2428 350 2507 Maris,
374 2428 413 2489 ad
439 2427 521 2489 latus
544 2425 690 2487 dextrum
723 2425 893 2486 sanctuarii
925 2424 1055 2485 maioris
1089 2423 1232 2502 ecclesie,
1269 2424 1502 2506 suprapelliciis

239 2554 295 2596 seu
320 2533 468 2616 epitogiis
491 2531 679 2593 sollenniter
703 2531 817 2609 induti,
840 2530 945 2591 statim
970 2529 1057 2591 finita
1092 2530 1195 2611 prima
1220 2530 1326 2609 missa,
1351 2549 1500 2612 persona·

240 2640 311 2702 liter
334 2640 385 2700 vel
410 2658 466 2721 per
489 2638 588 2699 alium
612 2636 651 2697 ad
678 2636 710 2697 id
734 2636 888 2698 idoneum
913 2655 1014 2718 usque
1032 2636 1063 2696 in
1081 2634 1177 2697 finem
1196 2637 1346 2698 interesse
1363 2636 1503 2698 debeant

240 2746 335 2809 misse
358 2742 623 2807 confraternitatis
647 2742 688 2805 de
715 2741 795 2804 festo
827 2742 971 2803 eiusdem
1003 2742 1197 2804 occurrentis
1228 2742 1416 2803 sollenniter
1447 2742 1502 2803 de-

240 2852 404 2915 cantande.
430 2850 502 2924 Que
527 2849 623 2911 debet
647 2848 709 2910 dici
733 2867 806 2910 cum
831 2848 973 2910 collectis
993 2848 1111 2909 tribus:
1140 2848 1242 2929 prima
1259 2847 1408 2910 videlicet
1430 2868 1502 2930 pro·

239 2959 324 3039 pria;
350 2956 490 3019 secunda
514 2975 572 3037 pro
608 2954 850 3032 commendatis,
881 2954 998 3032 »Deus
1015 2955 1104 3015 cuius
1132 2953 1387 3030 misericordie;‹
1406 2954 1502 3016 tercia

239 3084 298 3146 pro
321 3063 459 3146 peccatis
483 3060 735 3139 benefactorum,
760 3081 816 3142 per
850 3059 979 3122 fratrem
1011 3079 1107 3141 quem
1138 3060 1218 3121 ordo
1250 3061 1352 3142 tangit
1386 3062 1501 3123 maturi

239 3168 337 3232 officii
362 3164 606 3230 hebdomadalia
641 3167 736 3228 misse
760 3168 851 3228 beate
886 3166 1028 3247 virginis,
1064 3166 1113 3227 cui
1150 3165 1215 3227 duo
1252 3187 1289 3227 ex
1323 3167 1503 3229 iunioribus

241 3277 399 3355 astabunt,
424 3288 518 3357 prout
542 3274 693 3335 dominus
716 3273 856 3335 decanus
880 3286 987 3333 noster
1010 3272 1215 3334 commiserit.

346 3489 397 3546 Ad
412 3489 511 3564 officia
533 3487 628 3545 debita
644 3488 781 3562 fratrum
804 3505 860 3543 non
883 3487 1075 3560 surrogandis
1097 3487 1200 3546 idiotis.

348 3628 432 3701 Quia
457 3627 533 3689 certi
557 3648 594 3687 ex
618 3626 768 3688 fratribus
801 3626 916 3688 nostris
947 3625 1045 3687 nullis
1078 3626 1242 3708 legittimis
1273 3627 1415 3708 negociis
1446 3647 1503 3688 seu

243 3733 345 3794 causis
369 3732 527 3814 prepediti
552 3753 632 3794 vane
657 3733 760 3792 solent
792 3732 999 3793 deambulare
1024 3745 1055 3793 et
1085 3751 1198 3813 prose
1224 3732 1300 3814 ipsis
1323 3733 1363 3793 ad
1397 3731 1502 3794 officia

243 3839 354 3919 quevis
378 3837 534 3919 explenda
559 3838 687 3919 ignaros
710 3851 741 3898 et
765 3838 879 3899 idiotas
902 3858 1080 3920 surrogare,
1104 3838 1158 3918 qui
1195 3858 1261 3899 non
1286 3852 1320 3900 ut
1354 3839 1504 3902 decenter
1560 3842 1562 3847 '

242 3957 379 4022 cantare,
411 3943 466 4004 sed
499 3963 557 4003 nec
581 3963 617 4004 os
641 3943 772 4023 quidem
805 3957 877 4026 apte
910 3945 1009 4006 sciant
1040 3945 1177 4028 aperire;
1208 3945 1358 4006 volumus
1397 3945 1503 4027 igitur,

243 4049 330 4130 quod
356 4049 420 4126 ille,
444 4048 498 4129 qui
524 4048 555 4108 in
587 4049 715 4130 propria
747 4068 883 4130 persona
915 4049 969 4111 tali
1002 4049 1109 4113 officio
1143 4051 1292 4112 interesse
1325 4051 1505 4132 nequiverit

241 4155 293 4216 hic
316 4174 372 4236 per
395 4174 427 4214 se
452 4154 502 4214 vel
526 4173 582 4235 per
604 4154 705 4215 alium
730 4152 857 4217 fratrem
882 4176 974 4218 suurn
993 4157 1161 4218 dominum
1183 4157 1341 4218 decanum
1358 4171 1503 4219 nostrum

242 4262 330 4323 adire
355 4274 385 4321 et
416 4279 543 4320 causam
567 4260 757 4341 legittimam
790 4261 946 4323 abicionis
978 4263 1137 4343 assignare
1167 4263 1356 4342 debeat,·et
1386 4262 1503 4325 deinde

243 4366 315 4428 loco
350 4366 398 4426 sui
423 4365 522 4426 alium
548 4365 702 4427 idoneum
732 4367 879 4428 ordinare
912 4382 942 4429 et
973 4368 1137 4431 instituere
1168 4383 1323 4449 teneatur,
1358 4368 1503 4450 alioquin

243 4472 268 4532 si
293 4472 324 4532 id
361 4471 535 4553 neglexerit
570 4471 738 4534 habebitur
769 4493 827 4556 pro
859 4476 987 4535 absente
1019 4489 1050 4536 et
1081 4474 1252 4537 duodecim
1283 4475 1503 4558 wyenensium

243 4579 354 4639 subeat
377 4597 504 4659 penam.
