3472 5242
237 583 318 646 festo
343 586 433 645 beate
458 583 657 665 Margaretbe
681 583 822 665 virginis.
841 586 936 645 Anno
954 583 1078 645 domini
1095 583 1269 644 millesimo
1286 585 1502 666 quadringen-

237 690 352 751 tesimo
375 702 489 772 quarto
514 690 650 752 decimo

339 887 433 943 Aliud
447 883 642 964 privilegiam
665 885 842 943 dominorum
866 886 988 959 capituli
1008 887 1119 944 ecclesie
1141 888 1350 964 zagrabiensis.

343 1026 409 1087 Nos
433 1025 608 1106 capitulum
634 1023 766 1085 ecclesie
791 1025 1015 1105 zagrabiensis.
1047 1025 1202 1087 Memorie
1236 1026 1501 1087 commendamus

236 1144 347 1192 tenore
371 1131 567 1213 presentium
592 1128 816 1210 significantes,
833 1130 951 1211 quibus
974 1128 1125 1211 (expedit)
1144 1131 1311 1192 universis.
1329 1132 1425 1204 Quod
1443 1151 1502 1193 nos

238 1257 285 1315 ea,
311 1257 373 1318 que
399 1238 430 1298 in
455 1250 664 1316 augmentum
689 1237 793 1297 cultus
826 1235 938 1312 divini,
963 1235 1162 1316 ecclesieque
1195 1250 1225 1297 et
1255 1237 1365 1297 salutis
1396 1251 1502 1298 nostre

237 1343 391 1404 auxilium
417 1343 544 1424 disponi
569 1356 712 1423 possunt,
736 1341 840 1422 sagaci
866 1341 1076 1422 indagacione
1108 1341 1406 1406 animadverventes
1430 1342 1500 1404 nul-

238 1448 361 1510 latenus
384 1449 522 1511 debeant
545 1448 732 1530 protardari,
757 1447 910 1528 quodque
935 1466 971 1507 ea
996 1466 1061 1507 non
1086 1462 1150 1507 tam
1174 1448 1345 1509 salubriter
1368 1461 1499 1528 tamque

237 1555 418 1635 diligenter,
443 1555 502 1615 nisi
528 1575 584 1635 per
615 1553 844 1635 prebendarios
877 1551 964 1613 chori
994 1552 1127 1614 ecclesie
1157 1567 1263 1614 nostre
1298 1552 1417 1635 prefate
1450 1574 1501 1615 ex-

237 1661 338 1742 pediri
365 1661 500 1721 valeant
524 1673 620 1740 atque
645 1659 777 1741 possint,
802 1678 914 1720 eorum
947 1659 1125 1739 paupertati
1157 1659 1386 1720 nichilominus
1408 1660 1440 1720 in
1465 1679 1502 1720 ea

239 1779 326 1848 parte
343 1786 489 1827 succurre
507 1765 716 1846 recupientes,
734 1778 768 1825 ut
785 1764 839 1844 qui
857 1764 945 1846 prius
962 1764 1042 1824 circa
1060 1764 1181 1825 cultum
1207 1764 1351 1825 divinum
1370 1765 1502 1846 eiusque

239 1872 413 1933 ministeria
437 1871 607 1952 diligentes
631 1870 755 1932 fuerant
788 1870 953 1951 comperti,
979 1889 1034 1950 per
1058 1889 1117 1930 nos
1148 1870 1276 1931 tandem
1309 1870 1502 1930 remunerati

239 1991 333 2059 atque
367 1978 467 2039 dotati
499 1977 601 2058 magis
632 1976 803 2058 pervigiles
838 1975 958 2036 eisdem
995 1975 1135 2035 serviciis
1166 1975 1282 2036 divinis
1312 1975 1503 2053 insisterent,

239 2103 339 2165 eaque
364 2103 426 2165 que
451 2102 506 2164 per
530 2102 588 2143 nos
611 2082 757 2163 pluribus
781 2080 910 2141 intentis
932 2080 1015 2140 curis
1040 2094 1070 2140 et
1093 2080 1256 2161 signanter
1286 2080 1374 2142 horis
1406 2100 1501 2142 cano·

239 2189 318 2250 nicis
342 2202 372 2249 et
396 2189 491 2250 misse
516 2190 605 2249 beate
630 2187 747 2268 viginis
771 2186 882 2262 Marie,
907 2205 979 2246 cum
1012 2186 1129 2266 quibus
1163 2187 1285 2246 onerati
1318 2206 1383 2247 non
1415 2185 1501 2247 suffi-

238 2294 357 2356 cienter
381 2295 500 2375 provisi
526 2293 662 2370 fuerant,
679 2292 798 2372 expleri
816 2310 881 2352 non
903 2306 1043 2372 possent,
1062 2310 1118 2373 per
1135 2310 1190 2352 eos
1206 2292 1388 2353 accuracius
1405 2305 1501 2373 atque

239 2399 429 2481 diligencius
453 2412 694 2481 exequerentur.
717 2399 783 2458 Nos
807 2417 844 2458 ex
869 2397 1013 2458 unanimi
1046 2411 1121 2458 voto
1150 2411 1270 2476 nostro,
1306 2412 1402 2478 atque
1435 2417 1502 2458 ma·

237 2518 307 2566 tura
330 2505 565 2567 deliberacione
590 2503 773 2586 prehabitis‚
797 2523 910 2564 omnes
933 2517 964 2564 et
987 2504 1128 2584 singulas
1144 2503 1284 2565 decimas
1308 2518 1440 2583 nostras,
1458 2504 1498 2564 ad

238 2610 425 2691 porcionem
449 2610 598 2672 videlicet
628 2610 791 2671 dumtaxat
824 2623 976 2686 nostram,
1014 2609 1046 2670 in
1070 2608 1215 2669 districtu
1240 2610 1279 2670 de
1316 2609 1498 2671 Morawcha

238 2731 465 2776 concernentes
490 2731 520 2776 et
541 2715 710 2797 provenire
734 2714 844 2775 solitas
873 2729 969 2794 atque
994 2727 1170 2791 consvetas,
1194 2713 1314 2775 eisdem
1340 2715 1407 2775 iure
1432 2734 1501 2795 per·

238 2836 335 2902 petuo
361 2835 390 2882 et
415 2821 665 2882 irrevocabiliter
690 2820 839 2880 duximus
863 2818 930 2881 fore
955 2820 1177 2881 concedendas
1201 2834 1295 2901 atque
1321 2820 1499 2899 donandas,

238 2927 304 2988 imo
328 2929 534 2989 concedimus
568 2941 663 3008 atque
687 2927 855 2988 donamus.
893 2926 1016 2986 Harum
1052 2939 1232 2986 nostrarum
1268 2926 1365 3007 sigilli
1401 2928 1501 2987 nostri

237 3035 433 3115 appensione
458 3035 728 3096 communitatum
746 3033 856 3113 vigore
874 3046 904 3092 et
920 3032 1104 3093 testimonio
1126 3032 1301 3092 litterarum
1328 3031 1501 3094 mediante.

239 3139 355 3200 Datum
381 3139 458 3202 feria
482 3141 622 3202 secunda
649 3140 793 3221 proxima
818 3153 889 3199 ante
914 3136 1030 3199 festum
1055 3137 1137 3197 beati
1165 3137 1295 3198 Mattbei
1315 3137 1452 3219 apostoli
1470 3151 1501 3198 et

237 3247 452 3327 ewangeliste.
477 3251 572 3307 Anno
596 3246 720 3307 domini
745 3244 918 3306 millesimo
951 3243 1270 3323 quadringentesimo
1303 3243 1501 3323 sexagesimo

238 3365 362 3414 octav0.

342 3517 391 3573 De
414 3517 502 3572 missa
525 3515 604 3571 beate
629 3512 761 3584 uirginis.

343 3654 448 3715 Facile
475 3673 512 3714 ex
534 3666 645 3714 tenore
670 3651 846 3711 litterarum
876 3649 1091 3731 predictarum
1123 3647 1378 3709 celebracionem
1403 3649 1497 3710 misse

238 3761 419 3822 beatissime
443 3774 538 3839 atque
562 3755 791 3839 gloriosissime
815 3754 947 3835 virginis
965 3755 1064 3815 Marie
1089 3755 1170 3815 circa
1193 3773 1341 3815 auroram
1366 3753 1500 3815 dicende

238 3867 373 3948 quisque
398 3864 669 3947 comprehendere
694 3873 808 3943 potest,
840 3861 879 3920 ad
900 3860 995 3921 cuius
1029 3861 1125 3941 igitur
1150 3879 1297 3941 sumpme
1330 3860 1425 3921 misse
1450 3879 1500 3920 ce·

238 3973 448 4033 lebrationem
472 3970 650 4051 quemlibet
666 3981 809 4028 nostrum
828 3986 865 4027 ex
882 3966 995 4027 ordine
1012 3986 1068 4047 per
1084 3967 1240 4047 integram
1261 3965 1499 4026 hebdomadam

238 4079 399 4139 astrictum
424 4096 491 4137 esse
515 4076 682 4148 volumus;
700 4071 869 4133 dicendam
887 4072 993 4152 itaque
1011 4092 1084 4133 cum
1101 4072 1202 4132 tribus
1220 4071 1379 4132 collectis:
1397 4071 1500 4153 prima

238 4184 387 4245 videlicet
414 4182 562 4265 propria;
597 4179 736 4240 secunda
768 4197 826 4259 pro
862 4178 1020 4259 episcopis
1052 4176 1220 4256 defunctis,
1253 4191 1283 4238 et
1313 4177 1409 4239 tercia
1441 4196 1500 4258 pro

238 4289 385 4371 peccatis.
412 4287 556 4348 »Exaudi
581 4303 787 4367 quesumus,‹
812 4284 990 4345 statuimus.

342 4486 391 4543 De
413 4503 471 4541 non
486 4483 655 4558 negligenda
673 4483 768 4540 eadem
784 4484 871 4540 missa
887 4482 965 4538 beate
987 4478 1121 4553 virginis,
1138 4486 1168 4538 et
1181 4479 1356 4552 negligentia
1372 4479 1500 4535 aliamm

237 4610 348 4666 quoque
361 4591 522 4665 punienda.

341 4720 549 4783 Decrevimus
573 4720 690 4801 itaque,
715 4718 803 4801 quod
828 4718 882 4799 qui
906 4736 944 4777 ex
968 4715 1116 4777 fratribus
1140 4734 1211 4776 eam
1227 4732 1409 4795 sumpmam
1426 4711 1500 4772 mis·

240 4844 306 4886 sam
331 4829 422 4889 beate
446 4826 579 4908 virginis
610 4825 715 4886 dicere
751 4825 939 4905 negligeret,
974 4822 1015 4884 ad
1050 4820 1139 4903 quod
1174 4819 1327 4881 dominus
1361 4818 1501 4879 decanus
