3472 5242
699 372 771 432 Doc.
790 384 837 431 11.
856 402 896 415 -
914 369 962 427 An
986 379 1071 442 1501.

347 615 378 679 (Α
400 615 501 680 tergo).
527 597 773 658 Venerabilibus
796 595 938 657 dominis
961 594 1102 677 capitulo
1126 593 1257 655 ecclesie
1282 592 1508 674 zagrabiensis,

243 703 393 766 fratribus
417 703 533 765 nostris
556 701 737 764 carissimis.

348 845 485 910 Originale
511 845 537 895 in
565 846 664 910 charta,
684 845 801 895 attritum
824 844 910 906 valde,
931 858 946 894 a
970 848 1047 906 tergo
1073 842 1217 912 vestigium
1241 842 1335 908 sigilli.
1355 841 1382 892 ln
1408 840 1509 892 archiv.

242 949 300 987 ven.
320 933 409 999 Capit.
429 936 535 999 zagrab.
553 934 610 986 hct.
631 935 694 998 Cap.
713 938 766 987 ant.
785 933 850 986 fasc.
869 933 912 984 92.
932 946 970 985 nr.
990 933 1031 986 54.
1532 932 1535 939 '

853 1215 904 1281 11.

346 1375 420 1426 Anno
441 1373 517 1438 1501,
537 1387 627 1424 mense
647 1370 759 1425 octobri.
780 1371 866 1426 Crisii.

247 1521 420 1594 Quaestione
449 1502 612 1593 constituta,
644 1537 701 1576 esse
733 1520 874 1592 cognitum
898 1518 1044 1575 Andream
1067 1516 1171 1574 Budor
1188 1513 1312 1571 'nobilem
1341 1511 1506 1585 Zagrabiae

244 1623 394 1698 degentem
426 1645 446 1684 a
472 1627 573 1683 Blasio
595 1625 686 1700 Arky,
709 1625 802 1683 nobile
823 1625 981 1699 stubicensi,
1005 1620 1149 1699 profecto·
1167 1621 1342 1679 contumeliis
1369 1618 1502 1692 affectum

324 1740 471 1806 poenaque
493 1733 635 1790 conca'sum
651 1728 771 1805 judices
795 1731 930 1788 nobilium
953 1730 1081 1788 ciuitatis
1102 1728 1252 1785 Crisiensis
1268 1726 1414 1784 nuntiant.

343 1869 410 1929 Nos
435 1868 545 1928 Petrus
562 1867 713 1949 Bochlray
729 1867 769 1929 de
786 1863 1097 1949 Razynalcerezthwr
1120 1879 1151 1926 et
1175 1863 1339 1926 Balthasar
1363 1863 1402 1923 de
1421 1863 1503 1943 Alap

240 1973 386 2035 vicebani
410 1985 441 2033 et
457 1973 589 2035 comites
606 1992 641 2033 ac
659 1971 780 2051 judices
796 1971 956 2033 nobilium
973 1970 1141 2032 comitatus
1158 1970 1325 2032 crisiensis.
1347 1968 1504 2031 Memorie

241 2079 515 2156 commendamus,
529 2078 616 2157 quod
634 2097 706 2138 cum
723 2097 782 2140 nos
798 2079 838 2139 ad
854 2078 1041 2139 instanciam
1058 2089 1088 2137 et
1104 2076 1294 2158 legittimam
1310 2075 1503 2158 peticionem

241 2184 359 2246 nobilis
375 2184 502 2244 Andree
516 2184 634 2245 deor
650 2183 689 2244 de
701 2183 899 2262 derowcz,
913 2182 1112 2244 Demetrium
1129 2182 1168 2242 de
1182 2181 1386 2263 Mylethyncz
1402 2199 1503 2242 unum

240 2308 278 2351 ex
301 2289 395 2351 nobis
427 2289 547 2351 scilicet
571 2288 711 2370 judicem
742 2288 902 2349 nobilium
927 2287 966 2348 ad
999 2284 1230 2386 infrascriptam
1255 2286 1502 2367 inquisicionem

240 2394 419 2457 faciendam
444 2395 484 2457 de
508 2396 582 2456 sede
606 2407 713 2456 nostra
737 2393 902 2474 judiciaria
919 2393 1075 2474 legittime
1092 2392 1356 2468 destinassemus;
1373 2390 1501 2453 tandem

240 2500 325 2562 idem
348 2501 462 2562 exinde
486 2501 526 2562 ad
551 2520 609 2562 nos
633 2519 776 2562 reversus
799 2499 894 2560 nobis
917 2498 1025 2560 retulit
1048 2517 1086 2558 eo
1107 2498 1225 2559 modo:
1251 2496 1417 2578 quomodo
1433 2496 1501 2578 ipse

240 2608 280 2667 ab
303 2607 464 2684 omnibus,
489 2606 605 2686 quibus
629 2606 786 2667 decuisset
810 2618 840 2666 et
864 2604 1003 2665 licuisset
1027 2604 1134 2685 palam
1159 2616 1189 2663 et
1207 2603 1312 2664 oculte
1330 2602 1501 2683 diligenter

240 2711 444 2792 inquirendo,
457 2712 554 2773 talem
568 2712 606 2772 de
624 2710 829 2792 infrascriptis
845 2710 985 2770 scivisset
1001 2708 1198 2770 certitudinis
1214 2708 1395 2771 veritatem:
1414 2709 1500 2789 quod

239 2836 312 2878 cum
336 2818 417 2879 circa
448 2816 563 2878 festum
587 2817 671 2878 beati
689 2817 774 2877 Luce
799 2815 1003 2895 evangeliste,
1027 2815 1171 2896 proxime
1195 2814 1392 2895 preteritum,
1415 2815 1500 2875 idem

240 2941 402 3004 exponens
427 2942 563 2983 unacum
596 2922 667 2983 aliis
689 2921 853 2983 nobilibus
877 2919 972 2981 huius
1003 2920 1093 3001 regni
1118 2919 1287 2981 Sclavonie
1315 2920 1370 2980 sed
1394 2933 1425 2982 et
1447 2920 1500 2980 sti-

239 3028 412 3110 pendiariis
444 3028 620 3089 eorundem
655 3027 695 3088 ad
727 3026 989 3088 exercituandum
1021 3038 1130 3087 contra
1161 3025 1342 3087 sevissimos
1375 3025 1501 3087 Turcos

206 3157 209 3162 ·
242 3134 343 3194 crucis
368 3132 486 3195 Christi
511 3134 666 3194 immanes
683 3133 790 3194 hostes
806 3151 914 3193 versus
930 3130 1120 3212 Zagrabiam
1137 3130 1292 3212 proficisci
1311 3131 1500 3192 decrevisset

239 3252 270 3298 et
293 3238 371 3298 dum
395 3238 480 3299 idem
505 3258 668 3320 exponens
692 3238 787 3299 simul
813 3257 884 3298 cum
904 3237 973 3297 aliis
987 3237 1135 3317 gentibus
1151 3249 1182 3297 et
1198 3236 1318 3297 eisdem
1335 3238 1499 3298 nobilibus

239 3363 274 3404 ac
298 3343 511 3425 stipendiariis
534 3344 712 3405 eorundem
736 3343 776 3404 ad
800 3343 959 3404 civitatem
989 3342 1227 3422 zagrabiensem
1252 3342 1446 3424 pervenisset
1469 3356 1501 3403 et

239 3448 279 3508 ad
303 3448 482 3529 hospicium
507 3463 662 3526 nostrum,
679 3449 828 3510 videlicet
844 3448 926 3508 Petri
945 3447 1096 3529 Bochkay
1121 3447 1197 3507 dicti
1222 3447 1309 3527 regni
1329 3446 1498 3509 Sclavonie

239 3552 395 3630 vicebani,
420 3567 715 3634 consequenterque
748 3572 822 3633 erga
853 3573 912 3613 nos
945 3552 1064 3614 scilicet
1084 3552 1213 3613 Petrum
1238 3571 1296 3633 pro
1320 3553 1411 3613 certis
1435 3553 1499 3614 suis

239 3658 381 3738 negociis
404 3658 611 3739 expediendis
635 3658 824 3735 accessisset,
841 3672 915 3718 tunc
940 3657 1057 3718 nobilis
1082 3657 1205 3718 Blasius
1225 3659 1312 3739 Arky
1337 3657 1376 3717 de
1402 3658 1497 3719 Ztho·

240 3763 348 3842 bycza,
362 3763 499 3823 nescitur
523 3763 607 3823 unde
624 3776 740 3841 motus,
756 3763 884 3823 armatis
904 3763 1052 3824 manibus
1069 3763 1100 3822 in
1121 3763 1259 3823 eundem
1282 3777 1495 3844 exponentem

240 3866 390 3942 irruisset,
415 3867 524 3946 ibique
548 3868 686 3928 eundem
711 3869 815 3927 verbis
839 3868 956 3927 illicitis
981 3879 1011 3927 et
1038 3867 1239 3948 vituperiosis
1263 3888 1298 3928 ac
1323 3868 1499 3930 inhonestis

239 3983 466 4051 pertractasset,
490 3986 520 4032 et
544 3973 602 4033 nisi
629 3973 734 4032 eidem
758 3973 927 4053 exponenti
960 3972 1114 4033 auxilium
1140 3988 1298 4034 certorum
1323 3975 1497 4055 proborum

239 4088 269 4135 et
293 4076 451 4137 nobilium
475 4077 616 4137 virorum
641 4092 757 4138 eotunc
775 4077 894 4137 ibidem
912 4078 943 4138 in
960 4077 1104 4159 hospicio
1121 4093 1229 4139 nostro
1247 4079 1396 4140 videlicet
1412 4079 1495 4140 Petri

239 4180 388 4263 Bochkay
412 4182 617 4242 existencium
634 4182 783 4261 affuisset,
802 4182 911 4262 gladio
935 4203 990 4243 scu
1016 4183 1149 4244 bicccllo
1167 4184 1335 4265 evaginato
1356 4184 1494 4246 cundem

239 4303 315 4344 nece
347 4287 518 4347 miserabili
545 4287 747 4348 interimisset
777 4288 924 4368 potencia
948 4288 1126 4365 mediante3
1159 4308 1287 4349 eonon
1319 4302 1496 4368 contentus,

239 4388 323 4448 idem
354 4390 477 4450 Blasius
500 4393 587 4472 Arky
619 4393 756 4453 eundem
789 4407 999 4474 exponentem
1026 4395 1055 4454 in
1082 4414 1131 4471 e0,
1157 4409 1190 4454 ut
1221 4395 1245 4454 si
1270 4394 1336 4474 ipse
1368 4394 1495 4456 racione

238 4492 422 4554 huiusmodi
446 4509 574 4559 actuum
598 4517 729 4558 suorum
753 4499 890 4559 eundem
916 4500 948 4559 in
972 4501 1061 4561 litem
1086 4518 1141 4560 seu
1159 4519 1286 4560 causam
1302 4498 1425 4560 trahere
1443 4500 1495 4561 vel

238 4599 406 4658 convenire
424 4600 585 4680 niteretur,
596 4616 708 4664 extunc
726 4605 830 4665 eidem
848 4606 1018 4687 exponenti
1036 4618 1171 4666 mortem
1188 4580 1493 4684 similitudinariam,

238 4701 328 4762 sicuti
368 4704 504 4764 condam
547 4707 648 4768 nobili
681 4709 849 4771 Francisco
882 4710 921 4771 de
952 4710 1074 4772 Ravven
1107 4707 1220 4771 laetam
1253 4722 1344 4788 esset,
1378 4709 1493 4771 inferre

238 4805 344 4884 vellet,
357 4808 495 4871 minatus
511 4810 631 4892 fuisset,
647 4816 793 4895 potencia
809 4815 979 4894 mediante,
991 4816 1021 4876 in
1039 4814 1252 4898 preiudicium
1268 4828 1299 4875 et
1314 4814 1494 4896 periculum
