3472 5242
232 585 405 646 Martinum
422 586 568 647 similiter
586 587 766 669 Hobetych,
778 586 976 669 Stephanum
993 587 1197 670 Balthorych,
1211 588 1292 650 Seeb
1307 588 1495 651 Gurlronem

231 691 352 774 Arsych
384 692 521 774 welvky,
548 692 716 755 Nicolaum
753 694 998 775 Pawokowych,
1032 695 1168 755 Paulum
1199 695 1493 778 Waychekowych,

232 796 422 859 Gurkonem
437 798 649 880 Sikekotvych
667 814 697 859 et
707 799 909 860 Clementem
924 801 1107 881 privignum
1117 801 1262 861 chzias
1279 800 1318 862 de
1330 801 1496 883 Dwsycza,

232 904 361 966 Petrum
394 904 571 986 Kelowych
604 904 644 965 de
668 905 839 986 Wyrywth
871 919 903 967 et
935 907 1147 967 Blaselronem
1182 905 1221 967 de
1246 907 1401 988 Zthwpen
1426 927 1496 988 per-

232 1010 386 1071 sonaliter
410 1009 577 1087 accedatis,
603 1011 752 1092 ipsosque
770 1011 809 1071 ad
828 1012 1015 1073 instanciam
1032 1011 1272 1073 honorabilium
1290 1012 1496 1074 dominorum

234 1114 345 1176 decani
372 1129 402 1176 et
426 1116 562 1177 aliorum
580 1116 865 1197 prebendariorum
883 1116 971 1178 chori
989 1117 1121 1178 ecclesie
1140 1118 1353 1198 zagrabiensis
1369 1119 1496 1180 racione

233 1218 432 1282 fideiussorie
449 1221 611 1282 caucionis
627 1221 747 1283 eisdem
766 1222 906 1285 dominis
922 1223 1141 1305 prebendariis
1157 1243 1215 1305 pro
1232 1223 1333 1285 Paulo
1351 1223 1497 1306 Kwnych

234 1325 272 1386 de
298 1326 451 1409 vasycza
483 1326 574 1405 facte,
598 1329 826 1408 compromisse
850 1342 881 1390 et
905 1349 969 1390 non
994 1330 1169 1407 observate,
1190 1329 1230 1390 ad
1258 1349 1382 1390 nonum
1407 1330 1493 1390 diem

236 1432 330 1493 adie
362 1433 563 1494 execucionis
594 1434 794 1515 presencium
820 1434 1004 1497 immediate
1037 1436 1255 1516 computando
1279 1450 1419 1497 nostram
1444 1456 1497 1516 pe·

234 1538 406 1619 temptorie
431 1539 526 1599 citare
551 1538 694 1600 debeatis
714 1540 921 1621 presenciam,
938 1541 1100 1601 racionem
1117 1541 1302 1621 superinde
1319 1540 1499 1602 reddituros

236 1658 266 1705 et
298 1643 375 1725 juris
407 1645 582 1724 equitatem
614 1659 816 1726 recepturos,
851 1666 933 1727 quos
965 1666 1083 1706 novem
1118 1646 1186 1707 dies
1218 1647 1293 1727 ipsis
1324 1659 1355 1707 et
1386 1665 1497 1708 eorum

235 1750 368 1812 cuilibet
379 1770 438 1832 pro
454 1751 570 1832 primo,
588 1752 740 1829 secundo,
757 1753 866 1830 tercio,
884 1752 1166 1834 peremptorioque
1183 1765 1213 1813 et
1232 1753 1345 1813 ultimo
1361 1753 1498 1813 termino

236 1856 420 1917 municione
461 1858 614 1919 canonica
653 1856 818 1939 prehabita
857 1859 1063 1939 assignantes,
1098 1856 1270 1939 prehgatis,
1309 1872 1339 1919 et
1369 1857 1497 1918 tandem

236 1963 438 2024 execucionis
473 1979 574 2025 vestre
611 1965 725 2025 seriem
761 1985 832 2026 cum
866 1965 1052 2026 nominibus
1087 1964 1266 2040 citatorum,
1297 1963 1499 2044 terminoque

236 2067 396 2148 assignato
428 2069 522 2130 nobis
553 2068 689 2130 fideliter
721 2084 751 2131 et
783 2070 1018 2131 conscienciose
1052 2069 1239 2147 rescribatis,
1273 2083 1434 2150 presentes
1466 2068 1499 2128 in

236 2175 341 2256 specie
375 2176 579 2237 remittendo.
604 2175 722 2237 Datum
751 2177 905 2257 Zagrabie
938 2177 969 2237 in
1006 2175 1087 2238 festo
1120 2176 1285 2238 beatorum
1318 2174 1445 2234 Andree
1470 2187 1500 2235 et

237 2282 403 2343 Benedicti
428 2283 604 2342 martirum.
629 2285 725 2342 Anno
749 2281 872 2343 domini
893 2282 1068 2343 millesimo
1092 2280 1351 2363 quingentesimo
1375 2280 1499 2360 quinto.

344 2405 377 2468 (Α
393 2405 498 2469 tergm:
524 2388 675 2448 Discretis
699 2388 839 2448 dominis
863 2389 902 2450 N.
920 2389 959 2449 de
984 2389 1091 2467 Zizek,
1112 2402 1143 2449 et
1167 2388 1205 2448 N.
1223 2387 1262 2447 de
1280 2385 1500 2468 Peschenycza

239 2495 443 2556 ecclesiarum
476 2495 631 2577 plebanis,
655 2495 749 2555 nobis
781 2495 812 2555 in
838 2495 966 2557 Christo
994 2495 1116 2556 sincere
1141 2493 1273 2555 dilectis.
1300 2492 1424 2554 Citacio
1447 2511 1500 2573 pe-

240 2601 424 2682 temptoria.

345 2722 487 2786 (niderunz
524 2729 532 2767 r
543 2725 614 2786 505.
640 2707 710 2786 Ego
742 2705 918 2788 Gregorius
950 2705 1107 2786 plebanus
1131 2705 1162 2765 in
1187 2702 1329 2785 Zythech
1353 2716 1502 2764 executus

239 2832 309 2873 sum
335 2812 394 2873 hoc
419 2811 606 2873 mandatum
640 2813 671 2873 in
697 2811 778 2875 festo
802 2814 893 2874 beate
927 2810 1125 2892 Margarethe
1159 2810 1290 2891 virginis
1314 2822 1345 2870 et
1366 2808 1503 2869 martiris

240 2917 325 3000 juxta
342 2919 407 2980 vim
426 2933 457 2981 et
473 2920 708 2980 continenciam
722 2918 816 2980 huius
833 2917 974 2980 mandati
992 2918 1117 2998 egregie
1132 2915 1373 2977 Dominacionis
1389 2927 1502 2975 vestre.

346 3025 437 3086 Feria
473 3025 564 3086 tertia
598 3039 669 3107 post
697 3023 812 3085 festum
847 3028 950 3085 Anne.
975 3022 1077 3084 luder
1110 3021 1259 3102 expiratis
1294 3020 1438 3081 terminis
1470 3032 1500 3079 et

241 3131 326 3193 feriis
342 3133 453 3193 messis
470 3132 502 3193 in
528 3131 596 3212 jure
613 3133 781 3192 observare
800 3131 911 3209 solitis,
929 3130 960 3190 in
979 3127 1213 3190 contumaciam
1230 3126 1503 3207 intrascriptorum

241 3252 446 3301 attractorum
479 3239 519 3299 ad
550 3238 797 3318 requisicionem
829 3236 944 3297 actoris
976 3236 1007 3296 in
1040 3253 1133 3295 causa
1166 3232 1305 3293 decrevit
1335 3232 1376 3292 ad
1399 3243 1504 3312 partes

241 3365 425 3427 processum
449 3344 490 3406 ad
515 3346 676 3407 ulteriora.
701 3379 743 3389 -
767 3343 914 3405 Matheus
938 3342 1090 3404 notarius.

349 3486 486 3552 Originale
505 3487 530 3537 in
549 3488 647 3538 charta.
665 3487 687 3536 Α
705 3491 782 3550 tergo
803 3485 959 3548 impressum
979 3488 1020 3534 est
1039 3481 1164 3547 sigillum.
1178 3481 1205 3531 ln
1225 3480 1321 3530 archiv.
1336 3480 1395 3530 hou.
1407 3477 1503 3541 colleg.

243 3575 416 3626 Praebendat.

847 3785 911 3850 43.

350 3949 426 3998 Auno
450 3948 524 4010 1505,
547 3947 585 3998 15.
605 3946 719 4010 augusti.
739 3944 836 3996 Badae.

256 4056 423 4114 Vlndislaus
438 4058 616 4128 Hungariae
639 4064 687 4116 etc.
703 4073 766 4128 rex,
784 4054 917 4110 Andreae
934 4053 1055 4125 Hem'ng
1076 4052 1109 4108 de
1126 4048 1297 4122 Susedgrad
1317 4048 1407 4104 nobili
1421 4048 1508 4102 inler-

289 4159 368 4236 dt'cit,
394 4181 428 4219 ne
451 4181 470 4217 n
493 4162 695 4219 mercatoribus
716 4160 844 4217 civitatis
866 4160 983 4232 aagrab.
1007 4158 1143 4215 tributum
1164 4174 1221 4231 pro
1242 4172 1330 4210 merce
1354 4154 1462 4224 exigat.

929 4294 1089 4346 Commissio
1109 4293 1218 4357 propria
1238 4291 1335 4341 domiui
1357 4290 1437 4354 regis.

352 4425 551 4487 Wladislaus
582 4424 632 4486 dei
664 4422 770 4504 gracia
802 4441 856 4482 rex
888 4419 1052 4500 Hungarie
1081 4431 1111 4480 et
1135 4415 1288 4479 Bohemie
1314 4428 1372 4476 etc.
1405 4399 1509 4473 Fidel¹

247 4545 356 4592 nostro
381 4531 510 4612 egregio
527 4530 652 4591 Andree
673 4530 835 4610 Hennyng
852 4526 890 4587 de
908 4525 1147 4602 Zomzedtvara,
1164 4522 1299 4583 salutem
1316 4533 1347 4581 et
1359 4518 1508 4601 graciam.

249 4637 468 4716 Sepenumero
500 4637 563 4697 iam
594 4636 649 4697 tibi
682 4654 739 4716 per
770 4633 890 4695 litteras
921 4631 1152 4707 commisimus,
1176 4642 1211 4689 ut
1241 4625 1353 4689 fideles
1383 4636 1510 4686 nostros

248 4743 333 4805 cives
356 4755 387 4803 et
410 4742 638 4804 inhabitatores
669 4741 804 4802 civitatis
828 4752 934 4801 nostre
958 4731 1238 4817 Montisgrecensis
1264 4745 1374 4794 contra
1397 4748 1509 4791 eorum

248 4846 395 4927 antiquas
418 4847 580 4910 libertates
603 4859 634 4909 et
656 4846 736 4930 jura,
751 4859 821 4907 tum
844 4843 1009 4907 exactione
1028 4840 1138 4904 tributi
1155 4858 1211 4900 seu
1228 4836 1362 4899 thelonii
1381 4837 1413 4897 in
1429 4834 1510 4897 locis
