3472 5242
255 346 318 408 330
524 298 526 302 -
742 322 830 384 Adri:
854 325 932 384 Ann.
957 335 1049 399 1500.

254 551 402 613 tinenciis
426 551 583 612 universis
607 550 706 612 libere
728 562 760 612 et
784 549 915 633 pacifice
945 550 1075 612 tenendi
1099 570 1135 612 ac
1168 549 1352 633 possidendi
1382 550 1517 612 liberam

255 657 370 720 habeat
394 658 559 739 potestatis
583 655 786 733 facultatem3
818 657 873 718 ubi
906 676 983 719 vero
1019 656 1156 719 eandem
1188 656 1353 718 dominam
1386 654 1518 717 Luciam

255 763 366 825 divino
390 763 592 846 permittente
609 762 729 843 judicio
754 764 793 824 ab
818 762 878 825 hoc
903 764 1012 824 seculo
1037 763 1191 824 decedere
1208 762 1387 844 contigerit,
1404 775 1518 822 extunc

254 871 368 932 eedem
402 870 571 952 porciones
602 869 861 951 possessionarie,
884 869 1140 951 possessionibus
1171 869 1201 930 in
1227 867 1377 951 predictis
1400 866 1518 945 habite,

255 996 328 1039 cum
353 977 492 1060 ipsarum
518 976 708 1038 utilitatibus
732 989 762 1037 et
785 976 991 1058 pertinenciis
1016 975 1213 1056 quibuslibet
1237 994 1312 1037 mox
1337 974 1416 1035 etin
1442 991 1517 1034 con-

254 1083 368 1145 tinenti
392 1083 424 1144 iu
449 1096 480 1144 et
503 1083 541 1144 ad
567 1081 726 1164 prelatum
755 1083 930 1164 capitulum
965 1082 1098 1144 ecclesie
1132 1081 1348 1163 zagrabiensis
1379 1078 1518 1156 devolvi,

254 1187 491 1269 redundarique
516 1202 547 1250 et
570 1188 784 1250 condescendi
809 1188 946 1250 debeant
970 1188 1067 1270 pleno
1092 1188 1177 1269 jure;
1203 1188 1329 1249 nullum
1361 1185 1421 1267 jus,
1446 1185 1517 1246 nul-

253 1294 358 1356 lamve
382 1293 459 1375 juris
482 1308 513 1356 et
536 1294 671 1356 dominii
705 1295 944 1376 proprietatem,
980 1294 1067 1375 quod
1099 1308 1131 1356 et
1155 1312 1252 1375 quam
1285 1294 1352 1375 ipsa
1385 1292 1516 1353 domina

255 1401 353 1462 Lucia
376 1401 542 1481 hucusque
566 1401 598 1461 in
623 1400 736 1461 iisdem
761 1401 969 1481 porcionibus
992 1399 1249 1482 possessionariis
1273 1398 1447 1477 habuisset,
1463 1410 1520 1459 aut

253 1505 286 1568 in
310 1504 453 1568 futurum
476 1507 594 1569 habere
618 1526 710 1588 posse
734 1520 884 1589 speraret,
908 1506 968 1567 sibi
994 1507 1053 1589 ipsi
1067 1519 1109 1568 ·et
1133 1507 1199 1567 suis
1223 1505 1395 1567 heredibus
1417 1522 1516 1565 reser-

254 1612 371 1692 vando,
394 1632 427 1674 se
450 1625 553 1674 totum
577 1611 637 1694 jus,
674 1632 837 1694 omneque
872 1612 1053 1674 dominium
1085 1613 1117 1673 in
1149 1610 1308 1695 prefatum
1340 1610 1517 1693 capitulum

253 1718 351 1801 pleno
386 1718 453 1800 jure
487 1717 719 1780 transferendo.
755 1718 790 1779 ln
826 1718 917 1780 cuius
952 1719 997 1779 rei
1036 1705 1237 1796 memoriam,
1269 1716 1517 1797 firmitatemque

253 1837 464 1907 perpetuam,
500 1837 663 1906 presentes
698 1824 819 1886 litteras
867 1837 990 1886 nostras
1024 1824 1241 1907 privilegiales
1283 1822 1451 1906 pendentis
1488 1835 1519 1883 et

254 1931 406 1993 autentici
430 1930 527 2011 sigilli
552 1931 652 1992 nostri
676 1930 856 1991 munimine
873 1932 1048 2009 roboratas,
1065 1930 1170 1991 eidem
1188 1930 1329 2012 capitulo
1346 1927 1516 2011 prescripte

253 2036 386 2099 ecclesie
410 2037 636 2118 zagrabiensis,
668 2035 746 2118 juris
778 2035 922 2098 eiusdem
955 2036 994 2097 ad
1029 2036 1186 2097 cautelam
1222 2036 1371 2097 duximus
1404 2053 1517 2096 conce-

253 2142 375 2204 dendas
398 2143 561 2204 communi
595 2141 718 2223 justicia
753 2141 946 2222 requirente.
981 2141 1099 2203 Datum
1135 2140 1212 2203 feria
1244 2142 1341 2203 tercia
1371 2140 1517 2222 proxima
1578 2168 1581 2175 ·

254 2260 327 2311 ante
352 2247 468 2310 festum
505 2249 588 2309 beati
625 2247 774 2329 Gregorii
810 2267 902 2330 papea
934 2252 1031 2309 Anno
1062 2248 1186 2309 domini
1218 2248 1392 2309 millesimo
1423 2247 1517 2328 quin-

251 2355 442 2436 gentesimo.
473 2390 515 2399 —
540 2355 607 2415 Nos
630 2354 730 2435 igitur
754 2353 943 2415 humillimis
960 2367 990 2415 et
1006 2353 1132 2416 devotis
1148 2350 1442 2437 supplicacionibus
1457 2372 1516 2435 pro

251 2474 339 2543 parte
362 2460 506 2522 eiusdem
530 2460 661 2543 capituli
687 2460 818 2522 ecclesie
843 2460 1059 2541 zagrabiensis
1076 2474 1194 2539 nostre,
1211 2459 1310 2521 modo
1327 2465 1393 2541 quo
1410 2466 1516 2542 sup'ra,

251 2567 405 2649 porrectis
429 2567 597 2647 Maiestati,
614 2567 700 2648 regia
724 2548 920 2647 benignitate
937 2566 1094 2628 exauditis
1114 2580 1146 2628 et
1169 2566 1342 2627 clementer
1358 2566 1517 2645 admissis,

253 2673 441 2754 prescriptas
464 2672 584 2733 litteras
615 2672 758 2733 annotati
783 2686 960 2734 conventus
992 2672 1031 2734 de
1065 2673 1165 2751 Zala,
1184 2692 1249 2733 non
1279 2672 1417 2751 abrasas,
1449 2690 1516 2733 non

252 2778 454 2857 cancellatas,
478 2798 537 2840 nec
562 2779 593 2839 in
628 2779 736 2859 aliqua
771 2778 819 2839 sui
853 2792 943 2861 parte
977 2793 1149 2860 suspectas,
1184 2779 1239 2840 sed
1263 2779 1352 2840 omni
1388 2797 1517 2861 prorsus

250 2883 335 2945 vicio
359 2895 391 2945 et
413 2884 594 2966 suspicione
618 2897 770 2962 carentes,
794 2884 1061 2966 presentibusque
1086 2884 1198 2946 litteris
1222 2885 1337 2946 nostris
1353 2884 1516 2967 privilegi·

253 2989 356 3051 alibus
380 2989 419 3051 de
443 2991 542 3051 verbo
566 2989 606 3051 ad
630 2991 764 3051 verbum
787 2990 855 3051 sine
880 2990 1100 3052 diminucione
1123 3004 1153 3051 et
1177 3004 1350 3071 augmento
1382 2990 1516 3072 aliquali

253 3095 395 3174 insertas,
420 3095 528 3177 quoad
553 3114 666 3157 omnes
691 3095 866 3158 earundem
883 3096 1112 3174 continencias,
1129 3096 1288 3157 clausulas
1311 3110 1342 3158 et
1365 3097 1517 3159 articulos

251 3215 394 3281 eatenus,
418 3216 576 3283 quatenus
599 3201 711 3263 eedem
736 3202 794 3263 rite
819 3215 849 3264 et
872 3201 1028 3283 legittime
1045 3202 1183 3264 existunt
1199 3216 1356 3282 emanate,
1379 3202 1515 3264 viribus-

252 3326 315 3388 que
340 3327 450 3369 earum
478 3308 593 3369 veritas
623 3307 823 3389 suffragatur,
855 3322 947 3386 ratas,
977 3321 1082 3388 gratas
1112 3319 1143 3369 et
1173 3321 1318 3389 acceptas
1352 3307 1516 3388 habentes,

252 3413 419 3495 premissis
443 3413 571 3475 dacioni
597 3428 627 3475 et
644 3414 827 3494 collacioni,
844 3414 979 3495 aliisque
996 3415 1147 3476 omnibus
1164 3427 1194 3475 et
1211 3414 1346 3496 singulis
1370 3415 1516 3498 superius

252 3519 284 3580 in
307 3532 419 3581 tenore
443 3520 617 3582 earundem
634 3520 810 3581 litterarum
828 3520 992 3602 expressis,
1006 3533 1149 3581 nostrum
1174 3520 1298 3602 regium
1323 3539 1515 3583 consensum

253 3626 450 3708 prebuimus,
473 3627 574 3687 immo
598 3627 770 3709 prebemus
794 3626 989 3688 benevolum
1013 3625 1130 3708 pariter
1154 3640 1185 3688 et
1216 3647 1392 3689 assensum.
1417 3627 1516 3701 Quod

253 3730 464 3793 nihilominus
488 3733 531 3793 ob
555 3732 645 3794 illam
668 3751 758 3814 spem
783 3746 813 3793 et
837 3733 1060 3811 devocionem,
1077 3753 1174 3814 quam
1199 3753 1273 3814 erga
1291 3735 1420 3795 beatum
1445 3734 1516 3796 Ste-

250 3835 394 3918 phanum
417 3855 525 3918 regem
549 3838 581 3898 in
606 3837 697 3900 cuius
719 3838 862 3919 glorioso
897 3839 1028 3900 nomine
1059 3839 1190 3901 ecclesia
1223 3841 1292 3922 ipsa
1323 3839 1516 3901 kathedralis

251 3942 466 4022 zagrabiensis
489 3941 622 4006 lundata
646 3964 714 4006 esse
739 3944 927 4024 dinoscitur,
951 3945 1093 4026 gerimus
1125 3957 1156 4007 et
1187 3946 1353 4026 habemus,
1377 3945 1514 4028 speciale

251 4060 355 4110 totum
379 4062 411 4111 et
434 4068 530 4112 omne
554 4050 603 4132 jus
627 4065 772 4112 nostrum
797 4052 933 4133 regium,
957 4052 982 4113 si
1007 4052 1095 4133 quod
1120 4053 1152 4113 in
1184 4052 1366 4134 prescriptis
1388 4053 1515 4134 porcio-

251 4152 347 4215 nibus
369 4155 628 4237 possessionariis
652 4155 931 4239 qualitercumque
947 4157 1149 4237 haberemus,
1166 4172 1220 4220 aut
1236 4159 1348 4220 eedem
1372 4170 1514 4220 nostram

252 4279 290 4322 ex
323 4261 580 4343 quibuscumque
618 4263 730 4340 causis,
764 4263 835 4342 viis,
865 4263 971 4325 modis
1006 4278 1037 4325 et
1071 4265 1253 4326 racionibus
1287 4280 1515 4327 concernerent

252 4366 463 4446 Maiestatem,
488 4368 584 4430 simul
609 4388 682 4430 cum
708 4369 830 4430 cunctis
854 4369 919 4431 suis
946 4370 1138 4432 utilitatibus
1161 4384 1192 4432 et
1215 4371 1420 4460 pertinenciis
1443 4371 1513 4452 qui·

251 4471 392 4534 buslibet
413 4488 593 4536 memorato
617 4474 759 4557 capitulo
784 4475 867 4537 dicte
904 4476 1036 4538 ecclesie
1072 4477 1287 4558 zagrabiensis
1321 4477 1355 4538 in
1389 4490 1420 4539 et
1454 4496 1513 4560 pro

251 4589 406 4660 perpetua
423 4578 598 4642 elemosina
615 4579 775 4660 dedimus,
792 4581 984 4644 donavimus
1002 4596 1033 4645 et
1048 4582 1254 4663 contulimus,
1271 4583 1372 4645 immo
1389 4581 1514 4662 damus,

254 4681 414 4745 donamus
445 4698 477 4747 et
507 4683 704 4749 conferimus
734 4685 802 4768 jure
834 4701 990 4771 perpetuo
1025 4702 1056 4751 et
1087 4688 1337 4758 irrevocabiliter
1371 4687 1513 4768 tenendi,

249 4788 438 4872 possidendi
461 4791 579 4874 pariter
603 4806 634 4855 et
656 4792 808 4874 habendi,
830 4793 920 4856 salvo
943 4792 1012 4876 jure
1036 4794 1154 4871 alieno.
1183 4794 1308 4858 Harum
1332 4806 1513 4858 nostrarum
