<?xml version="1.0" encoding="UTF-8"?>
<!DOCTYPE html PUBLIC "-//W3C//DTD XHTML 1.0 Transitional//EN"
    "http://www.w3.org/TR/xhtml1/DTD/xhtml1-transitional.dtd">
<html xmlns="http://www.w3.org/1999/xhtml" xml:lang="en" lang="en">
 <head>
  <title>
</title>
<meta http-equiv="Content-Type" content="text/html;charset=utf-8" />
  <meta name='ocr-system' content='tesseract 3.04.00' />
  <meta name='ocr-capabilities' content='ocr_page ocr_carea ocr_par ocr_line ocrx_word'/>
</head>
<body>
  <div class='ocr_page' id='page_1' title='image "./monumentahistor12laszgoog_0376.png"; bbox 0 0 3472 5242; ppageno 0'>
   <div class='ocr_carea' id='block_1_1' title="bbox 231 330 294 408">
    <p class='ocr_par' dir='ltr' id='par_1_1' title="bbox 231 330 294 408">
     <span class='ocr_line' id='line_1_1' title="bbox 231 330 294 408; baseline -0.016 -18"><span class='ocrx_word' id='word_1_1' title='bbox 231 330 294 408; x_wconf 85' lang='lat'>246</span> 
     </span>
    </p>
   </div>
   <div class='ocr_carea' id='block_1_2' title="bbox 593 329 1117 408">
    <p class='ocr_par' dir='ltr' id='par_1_2' title="bbox 593 329 1117 408">
     <span class='ocr_line' id='line_1_2' title="bbox 593 329 1117 408; baseline 0 -20"><span class='ocrx_word' id='word_1_2' title='bbox 593 333 660 388; x_wconf 81' lang='lat' dir='ltr'>Dae</span> <span class='ocrx_word' id='word_1_3' title='bbox 694 329 919 408; x_wconf 83' lang='lat'><em>197,198.-</em></span> <span class='ocrx_word' id='word_1_4' title='bbox 945 333 1001 389; x_wconf 85' lang='lat' dir='ltr'>An.</span> <span class='ocrx_word' id='word_1_5' title='bbox 1028 331 1117 406; x_wconf 77' lang='lat'><em>1526.</em></span> 
     </span>
    </p>
   </div>
   <div class='ocr_carea' id='block_1_3' title="bbox 233 557 1491 746">
    <p class='ocr_par' dir='ltr' id='par_1_3' title="bbox 233 557 1491 746">
     <span class='ocr_line' id='line_1_3' title="bbox 234 557 1491 640; baseline 0.001 -21"><span class='ocrx_word' id='word_1_6' title='bbox 234 579 298 619; x_wconf 94' lang='lat' dir='ltr'>non</span> <span class='ocrx_word' id='word_1_7' title='bbox 323 558 557 640; x_wconf 88' lang='lat' dir='ltr'>presummatis.</span> <span class='ocrx_word' id='word_1_8' title='bbox 574 559 692 618; x_wconf 86' lang='lat' dir='ltr'>Datum</span> <span class='ocrx_word' id='word_1_9' title='bbox 718 557 807 619; x_wconf 89' lang='lat' dir='ltr'>Bude</span> <span class='ocrx_word' id='word_1_10' title='bbox 825 558 857 618; x_wconf 90' lang='lat' dir='ltr'>in</span> <span class='ocrx_word' id='word_1_11' title='bbox 881 557 1042 619; x_wconf 90' lang='lat' dir='ltr'>dominica</span> <span class='ocrx_word' id='word_1_12' title='bbox 1068 558 1166 631; x_wconf 85' lang='lat' dir='ltr'><strong>Quasi</strong></span> <span class='ocrx_word' id='word_1_13' title='bbox 1192 559 1300 620; x_wconf 90' lang='lat' dir='ltr'>modo.</span> <span class='ocrx_word' id='word_1_14' title='bbox 1319 563 1414 620; x_wconf 84' lang='lat' dir='ltr'>Anno</span> <span class='ocrx_word' id='word_1_15' title='bbox 1438 560 1491 620; x_wconf 91' lang='lat' dir='ltr'>do-</span> 
     </span>
     <span class='ocr_line' id='line_1_4' title="bbox 233 664 1125 746; baseline -0.002 -20"><span class='ocrx_word' id='word_1_16' title='bbox 233 665 312 726; x_wconf 91' lang='lat' dir='ltr'>mini</span> <span class='ocrx_word' id='word_1_17' title='bbox 337 664 510 725; x_wconf 90' lang='lat' dir='ltr'>millesimo</span> <span class='ocrx_word' id='word_1_18' title='bbox 535 664 795 746; x_wconf 89' lang='lat' dir='ltr'>quingentesimo</span> <span class='ocrx_word' id='word_1_19' title='bbox 820 664 976 744; x_wconf 88' lang='lat' dir='ltr'>vigesimo</span> <span class='ocrx_word' id='word_1_20' title='bbox 1001 664 1125 744; x_wconf 91' lang='lat' dir='ltr'>quinto.</span> 
     </span>
    </p>
   </div>
   <div class='ocr_carea' id='block_1_4' title="bbox 236 764 1497 959">
    <p class='ocr_par' dir='ltr' id='par_1_4' title="bbox 236 764 1497 959">
     <span class='ocr_line' id='line_1_5' title="bbox 338 764 1497 871; baseline 0.001 -16"><span class='ocrx_word' id='word_1_21' title='bbox 338 804 474 870; x_wconf 84' lang='lat' dir='ltr'>Originale</span> <span class='ocrx_word' id='word_1_22' title='bbox 494 806 519 856; x_wconf 86' lang='lat' dir='ltr'>in</span> <span class='ocrx_word' id='word_1_23' title='bbox 539 807 636 856; x_wconf 84' lang='lat' dir='ltr'>charta.</span> <span class='ocrx_word' id='word_1_24' title='bbox 658 805 684 855; x_wconf 91' lang='lat' dir='ltr'>ln</span> <span class='ocrx_word' id='word_1_25' title='bbox 704 805 820 869; x_wconf 81' lang='lat' dir='ltr'>margine</span> <span class='ocrx_word' id='word_1_26' title='bbox 841 803 959 856; x_wconf 83' lang='lat' dir='ltr'>interiori</span> <span class='ocrx_word' id='word_1_27' title='bbox 979 806 1136 868; x_wconf 85' lang='lat' dir='ltr'>impressum</span> <span class='ocrx_word' id='word_1_28' title='bbox 1156 813 1197 856; x_wconf 89' lang='lat' dir='ltr'>est</span> <span class='ocrx_word' id='word_1_29' title='bbox 1211 764 1327 871; x_wconf 85' lang='lat' dir='ltr'>sigillam</span> <span class='ocrx_word' id='word_1_30' title='bbox 1356 807 1384 857; x_wconf 94' lang='lat' dir='ltr'>ln</span> <span class='ocrx_word' id='word_1_31' title='bbox 1399 807 1497 857; x_wconf 82' lang='lat' dir='ltr'>archiv.</span> 
     </span>
     <span class='ocr_line' id='line_1_6' title="bbox 236 894 574 959; baseline 0.003 -16"><span class='ocrx_word' id='word_1_32' title='bbox 236 894 281 944; x_wconf 89' lang='lat' dir='ltr'>lib.</span> <span class='ocrx_word' id='word_1_33' title='bbox 301 908 356 959; x_wconf 87' lang='lat' dir='ltr'>reg.</span> <span class='ocrx_word' id='word_1_34' title='bbox 376 894 449 947; x_wconf 85' lang='lat' dir='ltr'>civit.</span> <span class='ocrx_word' id='word_1_35' title='bbox 468 896 574 959; x_wconf 81' lang='lat' dir='ltr'>zagrab.</span> 
     </span>
    </p>
   </div>
   <div class='ocr_carea' id='block_1_5' title="bbox 342 1177 913 1382">
    <p class='ocr_par' dir='ltr' id='par_1_5' title="bbox 342 1177 913 1382">
     <span class='ocr_line' id='line_1_7' title="bbox 830 1177 913 1244; baseline -0.036 -3"><span class='ocrx_word' id='word_1_36' title='bbox 830 1177 913 1244; x_wconf 82' lang='lat'><strong>197.</strong></span> 
     </span>
     <span class='ocr_line' id='line_1_8' title="bbox 342 1315 824 1382; baseline 0.008 -18"><span class='ocrx_word' id='word_1_37' title='bbox 342 1315 416 1365; x_wconf 80' lang='lat' dir='ltr'>Anno</span> <span class='ocrx_word' id='word_1_38' title='bbox 438 1316 511 1368; x_wconf 82' lang='lat'>1525.</span> <span class='ocrx_word' id='word_1_39' title='bbox 535 1317 572 1367; x_wconf 89' lang='grc'>17.</span> <span class='ocrx_word' id='word_1_40' title='bbox 593 1316 703 1382; x_wconf 84' lang='lat' dir='ltr'>augusti.</span> <span class='ocrx_word' id='word_1_41' title='bbox 728 1317 824 1368; x_wconf 86' lang='lat' dir='ltr'>Budae.</span> 
     </span>
    </p>
   </div>
   <div class='ocr_carea' id='block_1_6' title="bbox 240 1440 1504 1840">
    <p class='ocr_par' dir='ltr' id='par_1_6' title="bbox 240 1440 1504 1840">
     <span class='ocr_line' id='line_1_9' title="bbox 365 1440 1504 1523; baseline 0.001 -23"><span class='ocrx_word' id='word_1_42' title='bbox 365 1440 548 1502; x_wconf 89' lang='lat' dir='ltr'>Ludovicus</span> <span class='ocrx_word' id='word_1_43' title='bbox 573 1440 607 1502; x_wconf 94' lang='lat' dir='ltr'>ll.</span> <span class='ocrx_word' id='word_1_44' title='bbox 632 1461 684 1502; x_wconf 86' lang='lat' dir='ltr'>rex</span> <span class='ocrx_word' id='word_1_45' title='bbox 711 1442 875 1523; x_wconf 88' lang='lat' dir='ltr'>Hungarie</span> <span class='ocrx_word' id='word_1_46' title='bbox 899 1457 957 1505; x_wconf 88' lang='lat' dir='ltr'>etc.</span> <span class='ocrx_word' id='word_1_47' title='bbox 981 1443 1202 1504; x_wconf 78' lang='lat' dir='ltr'>communitati</span> <span class='ocrx_word' id='word_1_48' title='bbox 1228 1442 1362 1502; x_wconf 90' lang='lat' dir='ltr'>civitatis</span> <span class='ocrx_word' id='word_1_49' title='bbox 1386 1442 1504 1502; x_wconf 90' lang='lat' dir='ltr'>montis</span> 
     </span>
     <span class='ocr_line' id='line_1_10' title="bbox 240 1544 1503 1628; baseline -0.002 -20"><span class='ocrx_word' id='word_1_50' title='bbox 240 1544 409 1608; x_wconf 85' lang='lat' dir='ltr'>Grecensis</span> <span class='ocrx_word' id='word_1_51' title='bbox 432 1567 490 1627; x_wconf 96' lang='lat' dir='ltr'>pro</span> <span class='ocrx_word' id='word_1_52' title='bbox 514 1547 658 1609; x_wconf 90' lang='lat' dir='ltr'>subsidio</span> <span class='ocrx_word' id='word_1_53' title='bbox 682 1544 777 1628; x_wconf 79' lang='lat' dir='ltr'>atque</span> <span class='ocrx_word' id='word_1_54' title='bbox 803 1549 1038 1610; x_wconf 89' lang='lat' dir='ltr'>instauracione</span> <span class='ocrx_word' id='word_1_55' title='bbox 1057 1549 1146 1609; x_wconf 86' lang='lat' dir='ltr'>istius</span> <span class='ocrx_word' id='word_1_56' title='bbox 1168 1548 1303 1609; x_wconf 90' lang='lat' dir='ltr'>civitatis</span> <span class='ocrx_word' id='word_1_57' title='bbox 1327 1561 1453 1608; x_wconf 90' lang='lat' dir='ltr'>centum</span> <span class='ocrx_word' id='word_1_58' title='bbox 1473 1560 1503 1606; x_wconf 87' lang='lat' dir='ltr'>et</span> 
     </span>
     <span class='ocr_line' id='line_1_11' title="bbox 240 1651 1502 1734; baseline 0.001 -23"><span class='ocrx_word' id='word_1_59' title='bbox 240 1651 473 1733; x_wconf 83' lang='lat' dir='ltr'>quinquaginta</span> <span class='ocrx_word' id='word_1_60' title='bbox 498 1651 635 1713; x_wconf 89' lang='lat' dir='ltr'>florenos</span> <span class='ocrx_word' id='word_1_61' title='bbox 660 1653 699 1712; x_wconf 93' lang='lat' dir='ltr'>de</span> <span class='ocrx_word' id='word_1_62' title='bbox 723 1654 931 1734; x_wconf 85' lang='lat' dir='ltr'>proventibus</span> <span class='ocrx_word' id='word_1_63' title='bbox 954 1655 1131 1715; x_wconf 86' lang='lat' dir='ltr'>tricesimae</span> <span class='ocrx_word' id='word_1_64' title='bbox 1148 1652 1280 1715; x_wconf 83' lang='lat' dir='ltr'>confert.</span> <span class='ocrx_word' id='word_1_65' title='bbox 1298 1653 1407 1714; x_wconf 90' lang='lat' dir='ltr'>Budae</span> <span class='ocrx_word' id='word_1_66' title='bbox 1425 1651 1502 1713; x_wconf 84' lang='lat' dir='ltr'>feria</span> 
     </span>
     <span class='ocr_line' id='line_1_12' title="bbox 241 1757 1342 1840; baseline 0.003 -22"><span class='ocrx_word' id='word_1_67' title='bbox 241 1757 352 1838; x_wconf 90' lang='lat' dir='ltr'>quinta</span> <span class='ocrx_word' id='word_1_68' title='bbox 377 1759 522 1838; x_wconf 87' lang='lat' dir='ltr'>proxima</span> <span class='ocrx_word' id='word_1_69' title='bbox 547 1772 620 1819; x_wconf 90' lang='lat' dir='ltr'>ante</span> <span class='ocrx_word' id='word_1_70' title='bbox 645 1757 760 1819; x_wconf 83' lang='lat' dir='ltr'>festum</span> <span class='ocrx_word' id='word_1_71' title='bbox 785 1759 868 1820; x_wconf 91' lang='lat' dir='ltr'>beati</span> <span class='ocrx_word' id='word_1_72' title='bbox 894 1760 1059 1821; x_wconf 87' lang='lat' dir='ltr'>Barnabae</span> <span class='ocrx_word' id='word_1_73' title='bbox 1084 1761 1220 1840; x_wconf 89' lang='lat' dir='ltr'>apostoli</span> <span class='ocrx_word' id='word_1_74' title='bbox 1251 1779 1342 1839; x_wconf 82' lang='lat'><strong>¹525·</strong></span> 
     </span>
    </p>
   </div>
   <div class='ocr_carea' id='block_1_7' title="bbox 243 1888 1505 2043">
    <p class='ocr_par' dir='ltr' id='par_1_7' title="bbox 243 1888 1505 2043">
     <span class='ocr_line' id='line_1_13' title="bbox 356 1888 1505 1953; baseline 0.002 -15"><span class='ocrx_word' id='word_1_75' title='bbox 356 1888 547 1939; x_wconf 84' lang='lat' dir='ltr'>Documentum</span> <span class='ocrx_word' id='word_1_76' title='bbox 576 1890 601 1939; x_wconf 89' lang='lat' dir='ltr'>ln</span> <span class='ocrx_word' id='word_1_77' title='bbox 630 1890 721 1939; x_wconf 85' lang='lat' dir='ltr'>charta</span> <span class='ocrx_word' id='word_1_78' title='bbox 745 1889 862 1940; x_wconf 87' lang='lat' dir='ltr'>attritum</span> <span class='ocrx_word' id='word_1_79' title='bbox 891 1891 974 1941; x_wconf 90' lang='lat' dir='ltr'>valde.</span> <span class='ocrx_word' id='word_1_80' title='bbox 1000 1890 1027 1940; x_wconf 90' lang='lat' dir='ltr'>ln</span> <span class='ocrx_word' id='word_1_81' title='bbox 1058 1891 1175 1953; x_wconf 86' lang='lat' dir='ltr'>margine</span> <span class='ocrx_word' id='word_1_82' title='bbox 1203 1890 1320 1940; x_wconf 80' lang='lat' dir='ltr'>interiori</span> <span class='ocrx_word' id='word_1_83' title='bbox 1349 1891 1505 1953; x_wconf 85' lang='lat' dir='ltr'>impressum</span> 
     </span>
     <span class='ocr_line' id='line_1_14' title="bbox 243 1976 955 2043; baseline 0.004 -17"><span class='ocrx_word' id='word_1_84' title='bbox 243 1983 284 2026; x_wconf 88' lang='lat' dir='ltr'>est</span> <span class='ocrx_word' id='word_1_85' title='bbox 304 1977 430 2041; x_wconf 84' lang='lat' dir='ltr'>sigillam.</span> <span class='ocrx_word' id='word_1_86' title='bbox 449 1977 477 2027; x_wconf 92' lang='lat' dir='ltr'>ln</span> <span class='ocrx_word' id='word_1_87' title='bbox 496 1977 594 2030; x_wconf 83' lang='lat' dir='ltr'>archiv.</span> <span class='ocrx_word' id='word_1_88' title='bbox 614 1977 658 2029; x_wconf 89' lang='lat' dir='ltr'>lib.</span> <span class='ocrx_word' id='word_1_89' title='bbox 675 1992 730 2043; x_wconf 92' lang='lat' dir='ltr'>reg.</span> <span class='ocrx_word' id='word_1_90' title='bbox 752 1977 823 2028; x_wconf 85' lang='lat' dir='ltr'>civit.</span> <span class='ocrx_word' id='word_1_91' title='bbox 843 1976 955 2043; x_wconf 84' lang='lat' dir='ltr'>Zagrab.</span> 
     </span>
    </p>
   </div>
   <div class='ocr_carea' id='block_1_8' title="bbox 833 2260 915 2324">
    <p class='ocr_par' dir='ltr' id='par_1_8' title="bbox 833 2260 915 2324">
     <span class='ocr_line' id='line_1_15' title="bbox 833 2260 915 2324; baseline -0.049 0"><span class='ocrx_word' id='word_1_92' title='bbox 833 2260 915 2324; x_wconf 83' lang='lat'><strong>198.</strong></span> 
     </span>
    </p>
   </div>
   <div class='ocr_carea' id='block_1_9' title="bbox 350 2425 789 2491">
    <p class='ocr_par' dir='ltr' id='par_1_9' title="bbox 350 2425 789 2491">
     <span class='ocr_line' id='line_1_16' title="bbox 350 2425 789 2491; baseline 0.002 -15"><span class='ocrx_word' id='word_1_93' title='bbox 350 2427 424 2477; x_wconf 75' lang='lat' dir='ltr'>Anno</span> <span class='ocrx_word' id='word_1_94' title='bbox 447 2427 521 2477; x_wconf 84' lang='lat'><strong>1526.</strong></span> <span class='ocrx_word' id='word_1_95' title='bbox 540 2427 583 2479; x_wconf 85' lang='lat'>2³.</span> <span class='ocrx_word' id='word_1_96' title='bbox 598 2425 673 2491; x_wconf 87' lang='lat' dir='ltr'>junii.</span> <span class='ocrx_word' id='word_1_97' title='bbox 693 2427 789 2478; x_wconf 89' lang='lat' dir='ltr'>Budae.</span> 
     </span>
    </p>
   </div>
   <div class='ocr_carea' id='block_1_10' title="bbox 247 2553 1508 2734">
    <p class='ocr_par' dir='ltr' id='par_1_10' title="bbox 247 2553 1508 2734">
     <span class='ocr_line' id='line_1_17' title="bbox 247 2553 1508 2627; baseline 0.002 -19"><span class='ocrx_word' id='word_1_98' title='bbox 247 2553 409 2609; x_wconf 81' lang='lat' dir='ltr'>Ludovicus</span> <span class='ocrx_word' id='word_1_99' title='bbox 434 2553 489 2626; x_wconf 82' lang='lat' dir='ltr'>ll,</span> <span class='ocrx_word' id='word_1_100' title='bbox 513 2554 625 2626; x_wconf 82' lang='lat' dir='ltr'>Hung.,</span> <span class='ocrx_word' id='word_1_101' title='bbox 650 2561 697 2610; x_wconf 85' lang='lat' dir='ltr'>etc.</span> <span class='ocrx_word' id='word_1_102' title='bbox 729 2572 783 2610; x_wconf 85' lang='lat' dir='ltr'>rex</span> <span class='ocrx_word' id='word_1_103' title='bbox 808 2562 888 2612; x_wconf 82' lang='lat' dir='ltr'>vetat</span> <span class='ocrx_word' id='word_1_104' title='bbox 915 2556 1040 2627; x_wconf 76' lang='lat' dir='ltr'>capitulo</span> <span class='ocrx_word' id='word_1_105' title='bbox 1073 2556 1203 2626; x_wconf 66' lang='lat' dir='ltr'>zagrab„</span> <span class='ocrx_word' id='word_1_106' title='bbox 1226 2574 1261 2611; x_wconf 89' lang='lat' dir='ltr'>ne</span> <span class='ocrx_word' id='word_1_107' title='bbox 1284 2557 1313 2611; x_wconf 89' lang='lat' dir='ltr'>in</span> <span class='ocrx_word' id='word_1_108' title='bbox 1348 2574 1420 2612; x_wconf 83' lang='lat' dir='ltr'>urea</span> <span class='ocrx_word' id='word_1_109' title='bbox 1454 2573 1508 2611; x_wconf 82' lang='lat' dir='ltr'>sua</span> 
     </span>
     <span class='ocr_line' id='line_1_18' title="bbox 311 2657 1443 2734; baseline 0.007 -20"><span class='ocrx_word' id='word_1_110' title='bbox 311 2659 438 2716; x_wconf 79' lang='lat' dir='ltr'>tabernis</span> <span class='ocrx_word' id='word_1_111' title='bbox 460 2657 640 2716; x_wconf 80' lang='lat' dir='ltr'>mercatorie&#39;s</span> <span class='ocrx_word' id='word_1_112' title='bbox 662 2657 833 2717; x_wconf 83' lang='lat' dir='ltr'>extruendis</span> <span class='ocrx_word' id='word_1_113' title='bbox 848 2661 920 2734; x_wconf 83' lang='lat' dir='ltr'>foro</span> <span class='ocrx_word' id='word_1_114' title='bbox 943 2661 1068 2734; x_wconf 71' lang='lat' dir='ltr'>civitatis</span> <span class='ocrx_word' id='word_1_115' title='bbox 1098 2661 1299 2718; x_wconf 79' lang='lat' dir='ltr'>detrimentum</span> <span class='ocrx_word' id='word_1_116' title='bbox 1323 2660 1443 2734; x_wconf 69' lang='lat' dir='ltr'>inserat.</span> 
     </span>
    </p>
   </div>
   <div class='ocr_carea' id='block_1_11' title="bbox 250 2796 1518 4877">
    <p class='ocr_par' dir='ltr' id='par_1_11' title="bbox 899 2796 1403 2863">
     <span class='ocr_line' id='line_1_19' title="bbox 899 2796 1403 2863; baseline 0 -14"><span class='ocrx_word' id='word_1_117' title='bbox 899 2797 1057 2849; x_wconf 88' lang='lat' dir='ltr'>Commissio</span> <span class='ocrx_word' id='word_1_118' title='bbox 1077 2799 1186 2863; x_wconf 86' lang='lat' dir='ltr'>propria</span> <span class='ocrx_word' id='word_1_119' title='bbox 1206 2796 1303 2849; x_wconf 89' lang='lat' dir='ltr'>domini</span> <span class='ocrx_word' id='word_1_120' title='bbox 1324 2799 1403 2862; x_wconf 86' lang='lat' dir='ltr'>regis.</span> 
     </span>
    </p>

    <p class='ocr_par' dir='ltr' id='par_1_12' title="bbox 250 2886 1518 4877">
     <span class='ocr_line' id='line_1_20' title="bbox 352 2886 1509 2969; baseline 0 -21"><span class='ocrx_word' id='word_1_121' title='bbox 352 2886 536 2948; x_wconf 88' lang='lat' dir='ltr'>Ludouicus</span> <span class='ocrx_word' id='word_1_122' title='bbox 560 2886 611 2946; x_wconf 88' lang='lat' dir='ltr'>dei</span> <span class='ocrx_word' id='word_1_123' title='bbox 635 2887 740 2967; x_wconf 85' lang='lat' dir='ltr'>gracia</span> <span class='ocrx_word' id='word_1_124' title='bbox 765 2907 817 2947; x_wconf 85' lang='lat' dir='ltr'>rex</span> <span class='ocrx_word' id='word_1_125' title='bbox 843 2887 1007 2969; x_wconf 90' lang='lat' dir='ltr'>Hungarie</span> <span class='ocrx_word' id='word_1_126' title='bbox 1032 2901 1063 2948; x_wconf 89' lang='lat' dir='ltr'>et</span> <span class='ocrx_word' id='word_1_127' title='bbox 1087 2887 1241 2949; x_wconf 90' lang='lat' dir='ltr'>Bohemie</span> <span class='ocrx_word' id='word_1_128' title='bbox 1265 2900 1323 2948; x_wconf 91' lang='lat' dir='ltr'>etc.</span> <span class='ocrx_word' id='word_1_129' title='bbox 1343 2887 1509 2949; x_wconf 89' lang='lat' dir='ltr'>Fidelibus</span> 
     </span>
     <span class='ocr_line' id='line_1_21' title="bbox 250 2992 1510 3075; baseline -0.002 -20"><span class='ocrx_word' id='word_1_130' title='bbox 250 2994 365 3055; x_wconf 90' lang='lat' dir='ltr'>nostris</span> <span class='ocrx_word' id='word_1_131' title='bbox 389 2992 632 3054; x_wconf 84' lang='lat' dir='ltr'>honorabilibus</span> <span class='ocrx_word' id='word_1_132' title='bbox 656 2993 797 3074; x_wconf 90' lang='lat' dir='ltr'>capitulo</span> <span class='ocrx_word' id='word_1_133' title='bbox 821 2994 954 3055; x_wconf 89' lang='lat' dir='ltr'>ecclesie</span> <span class='ocrx_word' id='word_1_134' title='bbox 989 2994 1203 3075; x_wconf 89' lang='lat' dir='ltr'>zagrabiensis</span> <span class='ocrx_word' id='word_1_135' title='bbox 1228 2994 1363 3055; x_wconf 89' lang='lat' dir='ltr'>salutem</span> <span class='ocrx_word' id='word_1_136' title='bbox 1388 3007 1418 3053; x_wconf 93' lang='lat' dir='ltr'>et</span> <span class='ocrx_word' id='word_1_137' title='bbox 1441 3013 1510 3074; x_wconf 90' lang='lat' dir='ltr'>gra-</span> 
     </span>
     <span class='ocr_line' id='line_1_22' title="bbox 250 3096 1510 3181; baseline -0.001 -20"><span class='ocrx_word' id='word_1_138' title='bbox 250 3100 342 3161; x_wconf 90' lang='lat' dir='ltr'>ciam.</span> <span class='ocrx_word' id='word_1_139' title='bbox 368 3099 556 3180; x_wconf 86' lang='lat' dir='ltr'>Expositum</span> <span class='ocrx_word' id='word_1_140' title='bbox 580 3111 626 3159; x_wconf 91' lang='lat' dir='ltr'>est</span> <span class='ocrx_word' id='word_1_141' title='bbox 649 3098 806 3160; x_wconf 90' lang='lat' dir='ltr'>Maiestati</span> <span class='ocrx_word' id='word_1_142' title='bbox 831 3113 937 3161; x_wconf 91' lang='lat' dir='ltr'>nostre</span> <span class='ocrx_word' id='word_1_143' title='bbox 962 3120 1019 3181; x_wconf 95' lang='lat' dir='ltr'>pro</span> <span class='ocrx_word' id='word_1_144' title='bbox 1043 3112 1131 3181; x_wconf 90' lang='lat' dir='ltr'>parte</span> <span class='ocrx_word' id='word_1_145' title='bbox 1156 3112 1186 3161; x_wconf 91' lang='lat' dir='ltr'>et</span> <span class='ocrx_word' id='word_1_146' title='bbox 1210 3100 1242 3160; x_wconf 92' lang='lat' dir='ltr'>in</span> <span class='ocrx_word' id='word_1_147' title='bbox 1267 3099 1410 3180; x_wconf 92' lang='lat' dir='ltr'>personis</span> <span class='ocrx_word' id='word_1_148' title='bbox 1434 3096 1510 3160; x_wconf 89' lang='lat' dir='ltr'>fide·</span> 
     </span>
     <span class='ocr_line' id='line_1_23' title="bbox 250 3204 1509 3287; baseline -0.003 -20"><span class='ocrx_word' id='word_1_149' title='bbox 250 3206 329 3267; x_wconf 91' lang='lat' dir='ltr'>lium</span> <span class='ocrx_word' id='word_1_150' title='bbox 354 3217 535 3267; x_wconf 92' lang='lat' dir='ltr'>nostrorum</span> <span class='ocrx_word' id='word_1_151' title='bbox 560 3205 753 3286; x_wconf 84' lang='lat' dir='ltr'>prudentum</span> <span class='ocrx_word' id='word_1_152' title='bbox 772 3219 803 3266; x_wconf 91' lang='lat' dir='ltr'>et</span> <span class='ocrx_word' id='word_1_153' title='bbox 819 3205 1120 3287; x_wconf 89' lang='lat' dir='ltr'>circumspectorum</span> <span class='ocrx_word' id='word_1_154' title='bbox 1136 3204 1250 3284; x_wconf 89' lang='lat' dir='ltr'>judicis</span> <span class='ocrx_word' id='word_1_155' title='bbox 1274 3220 1305 3266; x_wconf 90' lang='lat' dir='ltr'>et</span> <span class='ocrx_word' id='word_1_156' title='bbox 1321 3204 1509 3285; x_wconf 89' lang='lat' dir='ltr'>juratorum,</span> 
     </span>
     <span class='ocr_line' id='line_1_24' title="bbox 251 3309 1511 3391; baseline -0.003 -17"><span class='ocrx_word' id='word_1_157' title='bbox 251 3326 494 3391; x_wconf 91' lang='lat' dir='ltr'>ceterorumque</span> <span class='ocrx_word' id='word_1_158' title='bbox 518 3311 636 3371; x_wconf 91' lang='lat' dir='ltr'>civium</span> <span class='ocrx_word' id='word_1_159' title='bbox 669 3311 804 3372; x_wconf 89' lang='lat' dir='ltr'>civitatis</span> <span class='ocrx_word' id='word_1_160' title='bbox 835 3325 941 3373; x_wconf 93' lang='lat' dir='ltr'>nostre</span> <span class='ocrx_word' id='word_1_161' title='bbox 973 3311 1092 3373; x_wconf 91' lang='lat' dir='ltr'>montis</span> <span class='ocrx_word' id='word_1_162' title='bbox 1128 3309 1296 3373; x_wconf 91' lang='lat' dir='ltr'>Grecensis</span> <span class='ocrx_word' id='word_1_163' title='bbox 1325 3311 1413 3391; x_wconf 91' lang='lat' dir='ltr'>gravi</span> <span class='ocrx_word' id='word_1_164' title='bbox 1439 3329 1511 3371; x_wconf 92' lang='lat' dir='ltr'>curn</span> 
     </span>
     <span class='ocr_line' id='line_1_25' title="bbox 252 3416 1513 3514; baseline -0.003 -33"><span class='ocrx_word' id='word_1_165' title='bbox 252 3418 393 3501; x_wconf 89' lang='lat' dir='ltr'>querela,</span> <span class='ocrx_word' id='word_1_166' title='bbox 418 3416 555 3498; x_wconf 87' lang='lat' dir='ltr'>qualiter</span> <span class='ocrx_word' id='word_1_167' title='bbox 578 3437 635 3478; x_wconf 88' lang='lat' dir='ltr'>vos</span> <span class='ocrx_word' id='word_1_168' title='bbox 659 3417 727 3478; x_wconf 91' lang='lat' dir='ltr'>istic</span> <span class='ocrx_word' id='word_1_169' title='bbox 753 3417 785 3514; x_wconf 73' lang='lat' dir='ltr'>iq</span> <span class='ocrx_word' id='word_1_170' title='bbox 809 3418 917 3479; x_wconf 90' lang='lat' dir='ltr'>medio</span> <span class='ocrx_word' id='word_1_171' title='bbox 949 3418 1056 3496; x_wconf 90' lang='lat' dir='ltr'>vestri,</span> <span class='ocrx_word' id='word_1_172' title='bbox 1091 3418 1121 3478; x_wconf 93' lang='lat' dir='ltr'>in</span> <span class='ocrx_word' id='word_1_173' title='bbox 1155 3430 1258 3478; x_wconf 88' lang='lat' dir='ltr'>vestro</span> <span class='ocrx_word' id='word_1_174' title='bbox 1290 3417 1410 3477; x_wconf 91' lang='lat' dir='ltr'>scilicet</span> <span class='ocrx_word' id='word_1_175' title='bbox 1440 3417 1513 3477; x_wconf 91' lang='lat' dir='ltr'>loco</span> 
     </span>
     <span class='ocr_line' id='line_1_26' title="bbox 252 3521 1514 3606; baseline -0.004 -19"><span class='ocrx_word' id='word_1_176' title='bbox 252 3523 430 3606; x_wconf 87' lang='lat' dir='ltr'>capitulari,</span> <span class='ocrx_word' id='word_1_177' title='bbox 445 3522 475 3583; x_wconf 92' lang='lat' dir='ltr'>in</span> <span class='ocrx_word' id='word_1_178' title='bbox 501 3522 714 3603; x_wconf 89' lang='lat' dir='ltr'>preiudicium</span> <span class='ocrx_word' id='word_1_179' title='bbox 739 3522 881 3604; x_wconf 90' lang='lat' dir='ltr'>ipsorum</span> <span class='ocrx_word' id='word_1_180' title='bbox 907 3523 1025 3584; x_wconf 90' lang='lat' dir='ltr'>civium</span> <span class='ocrx_word' id='word_1_181' title='bbox 1049 3537 1232 3584; x_wconf 90' lang='lat' dir='ltr'>nostrorum</span> <span class='ocrx_word' id='word_1_182' title='bbox 1256 3536 1356 3583; x_wconf 91' lang='lat' dir='ltr'>certas</span> <span class='ocrx_word' id='word_1_183' title='bbox 1388 3521 1514 3583; x_wconf 90' lang='lat' dir='ltr'>bolthas</span> 
     </span>
     <span class='ocr_line' id='line_1_27' title="bbox 253 3627 1514 3710; baseline -0.002 -18"><span class='ocrx_word' id='word_1_184' title='bbox 253 3643 284 3693; x_wconf 93' lang='lat' dir='ltr'>et</span> <span class='ocrx_word' id='word_1_185' title='bbox 306 3628 483 3691; x_wconf 89' lang='lat' dir='ltr'>testudines</span> <span class='ocrx_word' id='word_1_186' title='bbox 506 3627 648 3709; x_wconf 90' lang='lat' dir='ltr'>lapideas</span> <span class='ocrx_word' id='word_1_187' title='bbox 681 3629 869 3706; x_wconf 86' lang='lat' dir='ltr'>erexissetis,</span> <span class='ocrx_word' id='word_1_188' title='bbox 904 3629 936 3690; x_wconf 92' lang='lat' dir='ltr'>in</span> <span class='ocrx_word' id='word_1_189' title='bbox 969 3650 1049 3710; x_wconf 90' lang='lat' dir='ltr'>quas</span> <span class='ocrx_word' id='word_1_190' title='bbox 1082 3630 1257 3690; x_wconf 90' lang='lat' dir='ltr'>nonnullos</span> <span class='ocrx_word' id='word_1_191' title='bbox 1290 3628 1449 3689; x_wconf 87' lang='lat' dir='ltr'>institores</span> <span class='ocrx_word' id='word_1_192' title='bbox 1484 3641 1514 3689; x_wconf 92' lang='lat' dir='ltr'>et</span> 
     </span>
     <span class='ocr_line' id='line_1_28' title="bbox 255 3733 1513 3799; baseline -0.002 -1"><span class='ocrx_word' id='word_1_193' title='bbox 255 3749 446 3798; x_wconf 87' lang='lat' dir='ltr'>mercatores</span> <span class='ocrx_word' id='word_1_194' title='bbox 469 3733 612 3796; x_wconf 87' lang='lat' dir='ltr'>forenses</span> <span class='ocrx_word' id='word_1_195' title='bbox 636 3755 709 3796; x_wconf 91' lang='lat' dir='ltr'>cum</span> <span class='ocrx_word' id='word_1_196' title='bbox 734 3737 892 3797; x_wconf 89' lang='lat' dir='ltr'>mercibus</span> <span class='ocrx_word' id='word_1_197' title='bbox 916 3750 946 3799; x_wconf 90' lang='lat' dir='ltr'>et</span> <span class='ocrx_word' id='word_1_198' title='bbox 970 3737 1063 3798; x_wconf 90' lang='lat' dir='ltr'>rebus</span> <span class='ocrx_word' id='word_1_199' title='bbox 1081 3755 1191 3797; x_wconf 93' lang='lat' dir='ltr'>eorum</span> <span class='ocrx_word' id='word_1_200' title='bbox 1209 3735 1376 3796; x_wconf 90' lang='lat' dir='ltr'>venalibus</span> <span class='ocrx_word' id='word_1_201' title='bbox 1393 3734 1513 3796; x_wconf 90' lang='lat' dir='ltr'>condu-</span> 
     </span>
     <span class='ocr_line' id='line_1_29' title="bbox 254 3840 1513 3922; baseline -0.002 -18"><span class='ocrx_word' id='word_1_202' title='bbox 254 3843 376 3918; x_wconf 86' lang='lat' dir='ltr'>ceretis,</span> <span class='ocrx_word' id='word_1_203' title='bbox 400 3860 517 3921; x_wconf 91' lang='lat' dir='ltr'>easque</span> <span class='ocrx_word' id='word_1_204' title='bbox 541 3840 605 3901; x_wconf 91' lang='lat' dir='ltr'>illis</span> <span class='ocrx_word' id='word_1_205' title='bbox 629 3842 795 3918; x_wconf 84' lang='lat' dir='ltr'>extraneis,</span> <span class='ocrx_word' id='word_1_206' title='bbox 820 3842 875 3922; x_wconf 91' lang='lat' dir='ltr'>qui</span> <span class='ocrx_word' id='word_1_207' title='bbox 910 3843 1015 3903; x_wconf 92' lang='lat' dir='ltr'>subito</span> <span class='ocrx_word' id='word_1_208' title='bbox 1039 3842 1177 3903; x_wconf 92' lang='lat' dir='ltr'>venditis</span> <span class='ocrx_word' id='word_1_209' title='bbox 1209 3861 1321 3903; x_wconf 92' lang='lat' dir='ltr'>eorum</span> <span class='ocrx_word' id='word_1_210' title='bbox 1354 3841 1513 3901; x_wconf 90' lang='lat' dir='ltr'>mercibus</span> 
     </span>
     <span class='ocr_line' id='line_1_30' title="bbox 254 3946 1515 4028; baseline -0.002 -17"><span class='ocrx_word' id='word_1_211' title='bbox 254 3970 293 4011; x_wconf 92' lang='lat' dir='ltr'>eo</span> <span class='ocrx_word' id='word_1_212' title='bbox 317 3967 425 4009; x_wconf 91' lang='lat' dir='ltr'>rursus</span> <span class='ocrx_word' id='word_1_213' title='bbox 449 3965 514 4027; x_wconf 92' lang='lat' dir='ltr'>quo</span> <span class='ocrx_word' id='word_1_214' title='bbox 539 3946 652 4007; x_wconf 94' lang='lat' dir='ltr'>volunt</span> <span class='ocrx_word' id='word_1_215' title='bbox 676 3947 838 4024; x_wconf 89' lang='lat' dir='ltr'>recedunt,</span> <span class='ocrx_word' id='word_1_216' title='bbox 862 3947 1019 4026; x_wconf 84' lang='lat' dir='ltr'>locareris,</span> <span class='ocrx_word' id='word_1_217' title='bbox 1053 3967 1118 4028; x_wconf 91' lang='lat' dir='ltr'>quo</span> <span class='ocrx_word' id='word_1_218' title='bbox 1150 3947 1249 4025; x_wconf 85' lang='lat' dir='ltr'>fieret,</span> <span class='ocrx_word' id='word_1_219' title='bbox 1274 3961 1308 4007; x_wconf 91' lang='lat' dir='ltr'>ut</span> <span class='ocrx_word' id='word_1_220' title='bbox 1339 3948 1397 4028; x_wconf 90' lang='lat' dir='ltr'>ipsi</span> <span class='ocrx_word' id='word_1_221' title='bbox 1430 3948 1515 4008; x_wconf 91' lang='lat' dir='ltr'>cives</span> 
     </span>
     <span class='ocr_line' id='line_1_31' title="bbox 255 4052 1513 4134; baseline -0.004 -17"><span class='ocrx_word' id='word_1_222' title='bbox 255 4054 365 4132; x_wconf 88' lang='lat' dir='ltr'>nostri,</span> <span class='ocrx_word' id='word_1_223' title='bbox 390 4052 444 4133; x_wconf 93' lang='lat' dir='ltr'>qui</span> <span class='ocrx_word' id='word_1_224' title='bbox 470 4065 601 4133; x_wconf 91' lang='lat' dir='ltr'>questus</span> <span class='ocrx_word' id='word_1_225' title='bbox 623 4052 728 4132; x_wconf 91' lang='lat' dir='ltr'>gracia</span> <span class='ocrx_word' id='word_1_226' title='bbox 753 4072 874 4113; x_wconf 88' lang='lat' dir='ltr'>merces</span> <span class='ocrx_word' id='word_1_227' title='bbox 897 4052 1028 4114; x_wconf 88' lang='lat' dir='ltr'>aliunde</span> <span class='ocrx_word' id='word_1_228' title='bbox 1052 4066 1083 4113; x_wconf 91' lang='lat' dir='ltr'>et</span> <span class='ocrx_word' id='word_1_229' title='bbox 1108 4073 1144 4112; x_wconf 81' lang='lat' dir='ltr'>ex</span> <span class='ocrx_word' id='word_1_230' title='bbox 1170 4053 1301 4114; x_wconf 80' lang='lat' dir='ltr'>remotis</span> <span class='ocrx_word' id='word_1_231' title='bbox 1322 4053 1465 4134; x_wconf 91' lang='lat' dir='ltr'>partibus</span> <span class='ocrx_word' id='word_1_232' title='bbox 1483 4053 1513 4113; x_wconf 93' lang='lat' dir='ltr'>in</span> 
     </span>
     <span class='ocr_line' id='line_1_32' title="bbox 257 4158 1514 4240; baseline -0.003 -18"><span class='ocrx_word' id='word_1_233' title='bbox 257 4162 349 4222; x_wconf 89' lang='lat' dir='ltr'>istam</span> <span class='ocrx_word' id='word_1_234' title='bbox 373 4158 534 4220; x_wconf 89' lang='lat' dir='ltr'>civitatem</span> <span class='ocrx_word' id='word_1_235' title='bbox 557 4171 698 4219; x_wconf 92' lang='lat' dir='ltr'>nostram</span> <span class='ocrx_word' id='word_1_236' title='bbox 718 4158 872 4220; x_wconf 91' lang='lat' dir='ltr'>invehunt</span> <span class='ocrx_word' id='word_1_237' title='bbox 888 4171 918 4219; x_wconf 93' lang='lat' dir='ltr'>et</span> <span class='ocrx_word' id='word_1_238' title='bbox 936 4159 1118 4240; x_wconf 86' lang='lat' dir='ltr'>important,</span> <span class='ocrx_word' id='word_1_239' title='bbox 1135 4179 1207 4220; x_wconf 90' lang='lat' dir='ltr'>suas</span> <span class='ocrx_word' id='word_1_240' title='bbox 1231 4179 1352 4220; x_wconf 91' lang='lat' dir='ltr'>merces</span> <span class='ocrx_word' id='word_1_241' title='bbox 1376 4158 1514 4219; x_wconf 88' lang='lat' dir='ltr'>vendere</span> 
     </span>
     <span class='ocr_line' id='line_1_33' title="bbox 256 4264 1515 4347; baseline -0.004 -18"><span class='ocrx_word' id='word_1_242' title='bbox 256 4287 321 4329; x_wconf 94' lang='lat' dir='ltr'>non</span> <span class='ocrx_word' id='word_1_243' title='bbox 346 4277 485 4347; x_wconf 81' lang='lat' dir='ltr'>possent,</span> <span class='ocrx_word' id='word_1_244' title='bbox 510 4283 572 4344; x_wconf 91' lang='lat' dir='ltr'>que</span> <span class='ocrx_word' id='word_1_245' title='bbox 597 4284 645 4325; x_wconf 92' lang='lat' dir='ltr'>res</span> <span class='ocrx_word' id='word_1_246' title='bbox 662 4283 734 4325; x_wconf 91' lang='lat' dir='ltr'>curn</span> <span class='ocrx_word' id='word_1_247' title='bbox 760 4264 791 4324; x_wconf 93' lang='lat' dir='ltr'>in</span> <span class='ocrx_word' id='word_1_248' title='bbox 816 4264 947 4325; x_wconf 91' lang='lat' dir='ltr'>evidens</span> <span class='ocrx_word' id='word_1_249' title='bbox 964 4267 1118 4325; x_wconf 92' lang='lat' dir='ltr'>damnum</span> <span class='ocrx_word' id='word_1_250' title='bbox 1136 4280 1166 4326; x_wconf 87' lang='lat' dir='ltr'>et</span> <span class='ocrx_word' id='word_1_251' title='bbox 1181 4284 1353 4345; x_wconf 88' lang='lat' dir='ltr'>gravamen</span> <span class='ocrx_word' id='word_1_252' title='bbox 1373 4265 1515 4345; x_wconf 91' lang='lat' dir='ltr'>ipsorum</span> 
     </span>
     <span class='ocr_line' id='line_1_34' title="bbox 258 4369 1518 4453; baseline -0.004 -19"><span class='ocrx_word' id='word_1_253' title='bbox 258 4374 376 4434; x_wconf 91' lang='lat' dir='ltr'>civium</span> <span class='ocrx_word' id='word_1_254' title='bbox 390 4370 511 4453; x_wconf 84' lang='lat' dir='ltr'>prefate</span> <span class='ocrx_word' id='word_1_255' title='bbox 525 4371 660 4431; x_wconf 89' lang='lat' dir='ltr'>civitatis</span> <span class='ocrx_word' id='word_1_256' title='bbox 672 4384 777 4431; x_wconf 92' lang='lat' dir='ltr'>nostre</span> <span class='ocrx_word' id='word_1_257' title='bbox 792 4370 1053 4451; x_wconf 90' lang='lat' dir='ltr'>derogamenque</span> <span class='ocrx_word' id='word_1_258' title='bbox 1063 4370 1218 4431; x_wconf 88' lang='lat' dir='ltr'>libertatis</span> <span class='ocrx_word' id='word_1_259' title='bbox 1229 4384 1259 4431; x_wconf 91' lang='lat' dir='ltr'>et</span> <span class='ocrx_word' id='word_1_260' title='bbox 1277 4369 1518 4430; x_wconf 90' lang='lat' dir='ltr'>consvetudinis</span> 
     </span>
     <span class='ocr_line' id='line_1_35' title="bbox 258 4474 1517 4561; baseline -0.003 -22"><span class='ocrx_word' id='word_1_261' title='bbox 258 4480 400 4561; x_wconf 91' lang='lat' dir='ltr'>ipsorum</span> <span class='ocrx_word' id='word_1_262' title='bbox 425 4489 545 4556; x_wconf 91' lang='lat' dir='ltr'>vergat,</span> <span class='ocrx_word' id='word_1_263' title='bbox 569 4476 633 4557; x_wconf 92' lang='lat' dir='ltr'>pari</span> <span class='ocrx_word' id='word_1_264' title='bbox 658 4495 723 4536; x_wconf 91' lang='lat' dir='ltr'>non</span> <span class='ocrx_word' id='word_1_265' title='bbox 740 4495 908 4557; x_wconf 88' lang='lat' dir='ltr'>possumus</span> <span class='ocrx_word' id='word_1_266' title='bbox 932 4496 1036 4556; x_wconf 89' lang='lat' dir='ltr'>neque</span> <span class='ocrx_word' id='word_1_267' title='bbox 1062 4476 1237 4537; x_wconf 90' lang='lat' dir='ltr'>concedere</span> <span class='ocrx_word' id='word_1_268' title='bbox 1255 4491 1288 4537; x_wconf 89' lang='lat' dir='ltr'>ut</span> <span class='ocrx_word' id='word_1_269' title='bbox 1307 4475 1361 4536; x_wconf 92' lang='lat' dir='ltr'>alii</span> <span class='ocrx_word' id='word_1_270' title='bbox 1375 4474 1517 4537; x_wconf 88' lang='lat' dir='ltr'>extranei</span> 
     </span>
     <span class='ocr_line' id='line_1_36' title="bbox 259 4580 1515 4664; baseline -0.003 -19"><span class='ocrx_word' id='word_1_271' title='bbox 259 4585 327 4645; x_wconf 88' lang='lat' dir='ltr'>istic</span> <span class='ocrx_word' id='word_1_272' title='bbox 352 4583 517 4660; x_wconf 90' lang='lat' dir='ltr'>ditescant,</span> <span class='ocrx_word' id='word_1_273' title='bbox 541 4582 638 4642; x_wconf 91' lang='lat' dir='ltr'>nostri</span> <span class='ocrx_word' id='word_1_274' title='bbox 663 4601 740 4643; x_wconf 92' lang='lat' dir='ltr'>vero</span> <span class='ocrx_word' id='word_1_275' title='bbox 765 4582 849 4642; x_wconf 89' lang='lat' dir='ltr'>cives</span> <span class='ocrx_word' id='word_1_276' title='bbox 872 4601 927 4662; x_wconf 91' lang='lat' dir='ltr'>per</span> <span class='ocrx_word' id='word_1_277' title='bbox 951 4581 1011 4643; x_wconf 92' lang='lat' dir='ltr'>hoc</span> <span class='ocrx_word' id='word_1_278' title='bbox 1035 4582 1267 4664; x_wconf 91' lang='lat' dir='ltr'>opprimantur,</span> <span class='ocrx_word' id='word_1_279' title='bbox 1292 4581 1347 4662; x_wconf 90' lang='lat' dir='ltr'>qui</span> <span class='ocrx_word' id='word_1_280' title='bbox 1371 4580 1515 4662; x_wconf 92' lang='lat' dir='ltr'>alioquin</span> 
     </span>
     <span class='ocr_line' id='line_1_37' title="bbox 259 4685 1516 4770; baseline -0.002 -20"><span class='ocrx_word' id='word_1_281' title='bbox 259 4709 296 4750; x_wconf 86' lang='lat' dir='ltr'>ex</span> <span class='ocrx_word' id='word_1_282' title='bbox 321 4709 360 4750; x_wconf 89' lang='lat' dir='ltr'>eo</span> <span class='ocrx_word' id='word_1_283' title='bbox 384 4688 485 4750; x_wconf 90' lang='lat' dir='ltr'>eciam</span> <span class='ocrx_word' id='word_1_284' title='bbox 509 4686 597 4768; x_wconf 94' lang='lat' dir='ltr'>quod</span> <span class='ocrx_word' id='word_1_285' title='bbox 622 4687 685 4749; x_wconf 92' lang='lat' dir='ltr'>iam</span> <span class='ocrx_word' id='word_1_286' title='bbox 710 4686 842 4749; x_wconf 91' lang='lat' dir='ltr'>Thurco</span> <span class='ocrx_word' id='word_1_287' title='bbox 865 4687 960 4749; x_wconf 88' lang='lat' dir='ltr'>vicini</span> <span class='ocrx_word' id='word_1_288' title='bbox 987 4700 1017 4748; x_wconf 92' lang='lat' dir='ltr'>et</span> <span class='ocrx_word' id='word_1_289' title='bbox 1032 4707 1113 4770; x_wconf 92' lang='lat' dir='ltr'>pene</span> <span class='ocrx_word' id='word_1_290' title='bbox 1127 4687 1159 4748; x_wconf 92' lang='lat' dir='ltr'>in</span> <span class='ocrx_word' id='word_1_291' title='bbox 1176 4688 1245 4749; x_wconf 91' lang='lat' dir='ltr'>eius</span> <span class='ocrx_word' id='word_1_292' title='bbox 1261 4685 1407 4748; x_wconf 83' lang='lat' dir='ltr'>faucibus</span> <span class='ocrx_word' id='word_1_293' title='bbox 1432 4699 1516 4765; x_wconf 88' lang='lat' dir='ltr'>sunt,</span> 
     </span>
     <span class='ocr_line' id='line_1_38' title="bbox 259 4793 1518 4877; baseline -0.003 -21"><span class='ocrx_word' id='word_1_294' title='bbox 259 4794 334 4856; x_wconf 90' lang='lat' dir='ltr'>satis</span> <span class='ocrx_word' id='word_1_295' title='bbox 356 4813 516 4877; x_wconf 90' lang='lat' dir='ltr'>superque</span> <span class='ocrx_word' id='word_1_296' title='bbox 540 4793 693 4876; x_wconf 89' lang='lat' dir='ltr'>oppressi,</span> <span class='ocrx_word' id='word_1_297' title='bbox 717 4807 748 4855; x_wconf 90' lang='lat' dir='ltr'>et</span> <span class='ocrx_word' id='word_1_298' title='bbox 777 4806 908 4876; x_wconf 92' lang='lat' dir='ltr'>propter</span> <span class='ocrx_word' id='word_1_299' title='bbox 937 4794 1090 4875; x_wconf 85' lang='lat' dir='ltr'>plurimas</span> <span class='ocrx_word' id='word_1_300' title='bbox 1114 4793 1214 4855; x_wconf 89' lang='lat' dir='ltr'>eciam</span> <span class='ocrx_word' id='word_1_301' title='bbox 1246 4813 1409 4875; x_wconf 86' lang='lat' dir='ltr'>expensas,</span> <span class='ocrx_word' id='word_1_302' title='bbox 1438 4806 1518 4873; x_wconf 87' lang='lat' dir='ltr'>quas</span> 
     </span>
    </p>
   </div>
   <div class='ocr_carea' id='block_1_12' title="bbox 0 0 1762 5242">
    <p class='ocr_par' dir='ltr' id='par_1_13' title="bbox 0 0 1762 5242">
     <span class='ocr_line' id='line_1_39' title="bbox 0 0 1762 5242; baseline 0 0"><span class='ocrx_word' id='word_1_303' title='bbox 0 0 1762 5242; x_wconf 95' lang='lat' dir='ltr'> </span> 
     </span>
    </p>
   </div>
  </div>
 </body>
</html>
