3472 5242
269 324 309 405 98
701 327 775 383 Doc.
800 338 851 400 91.
876 358 918 366 —
942 325 997 385 An.
1020 337 1108 399 1511.

267 551 358 614 Bude
383 549 461 613 feria
485 550 624 613 secunda
645 552 791 634 proxima
815 566 887 634 post
910 549 1026 615 festum
1051 551 1245 613 ascensionis
1270 550 1412 613 Domini.
1435 553 1531 613 Anno

267 658 411 720 eiusdem
436 658 609 720 millesimo
634 658 892 739 quingentesimo
916 658 1100 720 undecimo.

699 799 832 862 Relacio
856 798 1023 860 reverendi
1048 797 1171 859 domini
1197 797 1364 861 Michaelis
1388 799 1530 882 episcopi

747 888 928 966 boznensis‚
953 886 1111 948 secretarii
1137 887 1222 968 regie
1247 887 1431 949 Maiestatis.

373 1026 510 1092 originale
529 1028 554 1078 lo
574 1028 672 1092 charta,
684 1027 708 1078 in
728 1028 846 1093 margine
865 1027 984 1080 interiori
1004 1029 1161 1093 impressum
1181 1032 1222 1079 est
1241 1028 1367 1094 sigillum.
1385 1029 1412 1079 ln
1432 1029 1530 1080 archiv.

265 1129 323 1167 ven.
344 1116 430 1180 Capit.
449 1117 556 1180 zagrab.
574 1115 631 1169 Act.
651 1129 708 1180 cap.
728 1120 779 1168 ant.
800 1116 863 1168 fasc.
885 1117 924 1167 10.
944 1131 984 1167 nr.
1002 1117 1045 1169 il.
1397 1109 1401 1120 '

370 1560 444 1610 Anno
467 1560 541 1623 1511,
562 1560 588 1610 2.
604 1559 679 1624 junii.
698 1558 796 1611 Budas.

274 1685 448 1755 Vladislaus,
473 1687 649 1759 Hungamiae
680 1694 729 1746 etc.
758 1706 820 1757 rex,
847 1687 970 1744 mandat
999 1687 1127 1744 omnz'bus
1158 1686 1299 1744 nobilibus
1328 1693 1357 1743 et
1380 1686 1532 1761 cujuslibet

265 1800 357 1849 status
387 1789 548 1851 hominibus
578 1794 726 1851 comitatus
752 1794 902 1862 crisimsis,
927 1793 1124 1852 varasdiensis
1154 1799 1183 1849 et
1209 1792 1416 1865 zagrabiensis,
1441 1801 1475 1848 ut
1498 1792 1528 1848 in

264 1916 364 1974 causa,
392 1917 466 1973 quae
496 1900 572 1957 inter
600 1900 759 1972 capitulum
791 1906 820 1956 et
848 1901 1073 1956 communitatem
1103 1899 1228 1956 civitatis
1258 1899 1360 1971 agimr
1390 1897 1423 1954 de
1446 1898 1528 1974 fiam,

475 2023 561 2079 quam
583 2004 708 2062 maxime
729 2003 772 2060 ad
791 2005 940 2063 vamtatem
963 2004 1142 2062 accomodate
1164 2010 1308 2062 testentur.

953 2141 1112 2192 Commissio
1131 2140 1241 2205 propria
1260 2139 1358 2190 domini
1378 2139 1458 2205 regis.

368 2265 567 2327 Wladislaus
590 2264 641 2325 dei
663 2264 769 2346 gracia
793 2284 846 2325 rex
871 2264 1037 2346 Hungarie
1061 2277 1092 2326 et
1112 2264 1266 2326 Bohemie
1287 2277 1346 2326 etc.
1363 2264 1529 2325 Fidelibus

265 2371 379 2432 nostris
411 2371 566 2432 universis
599 2384 629 2431 et
656 2370 791 2452 singulis
814 2371 979 2432 nobilibus
1002 2384 1033 2432 et
1055 2371 1186 2431 alterius
1210 2371 1350 2431 cuiusvis
1373 2383 1474 2430 status
1498 2383 1528 2431 et

264 2477 464 2539 condicionis
491 2476 677 2538 hominibus
701 2477 868 2555 crisiensis,
893 2476 1114 2537 warasdiensis
1139 2489 1169 2538 et
1190 2475 1405 2558 zagrabiensis
1429 2476 1527 2537 comi-

264 2595 399 2660 tatuum,
424 2581 560 2644 ubilibet
593 2582 771 2644 constitutis
803 2595 832 2643 et
856 2583 1139 2659 commorantibus,
1163 2582 1299 2642 salutem
1323 2594 1353 2643 et
1376 2581 1527 2662 graciam.

265 2687 343 2750 Orte
368 2703 441 2749 sunt
465 2703 548 2750 certe
572 2688 642 2749 lites
666 2702 696 2750 et
719 2687 902 2749 differencie
923 2701 953 2749 et
974 2687 1086 2749 exinde
1109 2688 1216 2769 plures
1239 2687 1340 2748 eciam
1361 2687 1475 2768 injurie
1497 2700 1528 2749 et

264 2793 479 2876 dampnorum
504 2794 669 2855 illationes
692 2796 860 2855 subsecute
886 2794 966 2854 inter
990 2793 1178 2855 honorabile
1203 2792 1378 2874 capitulum
1396 2793 1527 2854 ecclesie

264 2899 478 2980 zagrabiensis
507 2913 538 2960 et
570 2900 654 2960 cives
687 2900 822 2961 civitatis
845 2913 951 2960 nostre
977 2899 1095 2960 montis
1119 2897 1287 2960 Grecensis
1310 2899 1438 2960 racione
1462 2918 1527 2960 cet·

263 3017 369 3067 totum
401 3005 609 3086 negociorum
641 3019 672 3066 et
703 3006 867 3086 presertim
899 3017 1043 3086 pretextu
1075 3004 1241 3066 cuiusdam
1274 3003 1345 3083 fori,
1377 3004 1464 3085 quod
1494 3005 1526 3065 in

263 3109 388 3172 theatro
419 3111 549 3193 capituli
582 3111 681 3192 ipsius
705 3111 920 3192 zagrabiensis
944 3113 983 3172 ab
1006 3110 1140 3191 antiquo
1164 3111 1317 3172 celebrari
1340 3123 1527 3172 consvetum

263 3215 359 3277 luisse
393 3216 517 3277 dicitur.
553 3216 624 3288 Quc
661 3218 770 3278 omnia
806 3236 865 3278 nos
896 3218 977 3278 inter
1008 3230 1113 3299 partes
1144 3216 1287 3278 volentes
1322 3215 1464 3277 revidere
1497 3229 1527 3276 et

263 3323 415 3384 omnibus
437 3321 622 3382 huiusmodi
647 3322 911 3384 contencionibus
935 3336 964 3383 et
988 3322 1212 3384 controversiis
1235 3321 1331 3383 finem
1357 3321 1525 3383 indilatam

263 3429 439 3511 imponere,
467 3428 634 3488 statuimus
669 3426 709 3489 de
742 3426 803 3489 hiis
834 3448 931 3509 quam
963 3428 1102 3511 primurn
1134 3447 1190 3509 pet
1222 3426 1350 3489 fidelem
1381 3440 1525 3489 nostrum

264 3534 426 3614 egregium
457 3534 644 3614 magistrum
669 3534 872 3595 Franciscum
905 3534 945 3596 de
979 3534 1129 3596 Marocha
1162 3533 1339 3615 personalis
1363 3533 1525 3615 presencie

264 3653 369 3700 nostre
399 3652 429 3700 et
460 3638 549 3719 regni
582 3638 668 3700 illius
699 3639 797 3700 nostri
831 3640 1002 3701 Sclauonie
1031 3639 1309 3721 prothonotarium
1333 3651 1363 3700 et
1386 3638 1525 3719 judicem

262 3745 422 3807 nobilium
445 3744 601 3806 crisiensis
621 3758 651 3805 et
673 3744 894 3805 warasdiensis
914 3746 1124 3807 comitatuum
1141 3758 1227 3806 certo
1244 3745 1365 3806 cercius
1381 3744 1524 3819 edoceri;

262 3862 293 3911 et
324 3870 397 3911 curn
429 3850 600 3931 negocium
633 3863 663 3911 et
694 3868 742 3910 res
774 3850 959 3912 huiusmodi
991 3852 1082 3911 vobis
1115 3866 1146 3912 et
1177 3850 1352 3931 unicuique
1384 3864 1524 3911 vestrum

262 3969 406 4018 constare
431 3956 554 4016 dicatur
577 3955 752 4033 evidenter,
776 3954 921 4017 fidelitati
946 3956 1041 4037 igitur
1064 3970 1166 4017 vestre
1188 3969 1219 4017 et
1236 3968 1376 4017 vestrum
1394 3955 1526 4016 cuilibet

262 4061 375 4123 harum
407 4062 486 4123 serie
518 4060 697 4123 firmissime
731 4061 961 4122 committimus
993 4075 1023 4122 et
1047 4061 1247 4140 mandamus,
1272 4062 1423 4142 quatinus
1447 4060 1524 4122 dum

261 4180 292 4229 et
316 4187 413 4249 quam
445 4168 585 4249 primum
611 4186 684 4227 cum
715 4167 915 4248 presentibus
939 4187 995 4248 per
1018 4166 1157 4228 eundem
1182 4167 1369 4248 magistrum
1393 4166 1524 4249 protho-

261 4275 421 4336 notarium
445 4274 496 4333 vel
518 4272 639 4353 judices
663 4271 822 4333 nobilium
846 4285 901 4334 aut
925 4292 1036 4335 eorum
1061 4274 1196 4335 alterum
1225 4293 1296 4334 cum
1325 4273 1525 4356 presentibus

260 4377 383 4441 fueritis
415 4379 570 4460 requisiti,
595 4378 644 4439 vel
676 4378 755 4439 alter
786 4393 925 4440 vestrum
958 4380 1129 4460 requisitus
1152 4378 1257 4459 fuerit,
1283 4380 1371 4441 illico
1396 4379 1428 4439 in
1453 4397 1524 4461 pre·

260 4486 399 4547 senciam
424 4486 522 4567 ipsius
538 4483 680 4564 magistri
698 4484 855 4545 Francisci
873 4485 1104 4567 prothonotarii
1123 4484 1162 4546 ad
1179 4485 1287 4547 locum
1305 4499 1335 4547 et
1351 4485 1523 4546 terminum

261 4591 353 4652 vobis
387 4612 443 4673 per
477 4590 616 4652 eundem
647 4588 870 4672 prefigendum
902 4591 1112 4673 personaliter
1143 4591 1294 4652 accedere
1329 4604 1360 4651 et
1393 4589 1524 4651 insimul

260 4697 442 4775 convenire,
454 4710 548 4778 atque
566 4696 684 4757 ibidem
703 4695 744 4758 ad
760 4696 857 4758 fidem
873 4709 1010 4758 vestram
1027 4696 1090 4758 deo
1106 4697 1258 4776 debitam,
1271 4695 1524 4777 fidelitatemque

259 4801 354 4864 nobis
386 4816 417 4864 et
446 4822 532 4865 sacre
563 4822 681 4865 corone
711 4816 818 4866 nostre
846 4802 1091 4883 observandam,
1114 4815 1199 4865 tacto
1231 4802 1394 4865 dominice
1422 4802 1524 4865 crucis
