3472 5242
233 354 297 415 ²50
649 335 724 395 Dae.
748 348 819 394 202.
850 367 881 376 -
908 334 963 394 An.
987 328 1078 408 1526.

238 441 504 449 -———.—--
518 442 533 448 -
720 440 1122 447 .-—.—..—--—
1129 440 1151 445 -.
1158 439 1171 445 -

233 577 263 624 et
288 577 505 640 manutenere,
529 563 608 625 etsi
633 562 793 644 quispiam
826 562 857 622 in
883 580 1032 642 processu
1067 573 1251 642 temporum
1287 558 1328 620 ad
1360 577 1498 640 occupa-

234 669 361 731 cionem
387 670 526 751 ipsarum
563 668 801 750 possessionum
825 687 858 728 se
881 666 1112 748 impediturum
1145 664 1241 726 vellet
1273 677 1303 726 et
1334 664 1500 742 niteretur,

234 794 299 837 non
324 775 424 857 possit
448 773 575 836 interim
598 793 765 855 occupare,
789 772 892 835 donec
916 785 1074 833 trecentos
1109 771 1247 833 florenos
1282 789 1347 831 non
1370 769 1503 832 solverit

235 880 407 942 heredibus
431 879 540 961 ipsius,
576 899 657 961 quos
693 878 759 960 ipse
784 879 923 940 loannes
956 877 1103 959 exposuit
1126 877 1158 937 in
1194 874 1285 937 lactis
1319 875 1434 937 nostris
1469 888 1502 936 et

234 987 328 1048 castri
352 986 451 1048 nostri
478 986 702 1047 Medwevvara.
727 985 760 1045 ln
785 1003 923 1064 quorum
951 982 1048 1045 fidem
1071 1002 1130 1043 nos
1161 995 1322 1064 presentes
1352 979 1502 1041 dedimus

235 1092 355 1153 litteras
371 1104 495 1153 nostras
519 1090 654 1152 anullari
680 1090 787 1172 sigillo
811 1104 920 1151 nostro
937 1089 1130 1169 obsignatas.
1148 1087 1267 1149 Datum
1285 1088 1317 1148 in
1335 1084 1500 1148 Medwed·

234 1217 300 1259 war
324 1198 355 1258 in
382 1196 462 1258 festo
486 1197 585 1257 sancti
611 1195 765 1257 iohannis
789 1195 935 1277 baptiste.
960 1198 1056 1257 Anno
1081 1193 1205 1256 domini
1230 1191 1409 1255 bexvl.

343 1335 547 1400 Etrausumpto
575 1337 654 1400 capit.
680 1338 786 1400 zagrah.
812 1349 880 1386 anno
912 1336 984 1386 1535.
1014 1334 1119 1385 literae
1148 1334 1198 1384 hae
1227 1333 1413 1384 donationales
1441 1332 1500 1381 »de

233 1424 455 1490 glagolitico
475 1424 677 1475 ialatinum
697 1424 836 1474 idioma«
865 1429 1054 1487 transumptae,
1079 1422 1111 1472 ln
1138 1423 1202 1473 vol.
1231 1421 1262 1472 ll.
1292 1419 1389 1470 »hoa
1419 1420 1500 1472 hist.

234 1513 328 1566 civit.
347 1511 546 1577 Zagrahlae
566 1527 623 1577 per
648 1526 800 1563 errorem
820 1510 1031 1575 adscriptae
1050 1516 1128 1561 sant
1148 1523 1234 1560 anno
1257 1509 1347 1560 l426.‹
1369 1536 1401 1545 -
1422 1506 1501 1576 Orig.

238 1601 263 1651 in
283 1601 372 1651 archiv
400 1601 474 1665 regni
496 1599 580 1651 Dalm.
602 1600 690 1652 Croat.
704 1605 731 1650 et
750 1597 821 1651 Slav.

824 1881 912 1947 202.

343 2041 417 2091 Anno
440 2042 514 2092 1526.
535 2041 691 2107 Laugusti.
713 2039 807 2092 Ratae.

241 2184 474 2243 Communitatem
497 2187 630 2254 civitatis,
648 2193 803 2259 postquam
826 2184 869 2240 ad
887 2184 1093 2258 defendendam
1118 2185 1249 2257 patriam
1279 2199 1322 2262 ,eo
1340 2184 1451 2263 pedites
1473 2191 1504 2241 et

236 2286 259 2346 ό
279 2309 365 2363 equas
386 2309 449 2348 cum
472 2310 561 2348 curra
592 2291 634 2347 ad
663 2291 839 2348 deducendas
861 2290 987 2365 pyxides
1014 2290 1102 2358 dedit,
1134 2291 1306 2348 Fraaciscus
1334 2291 1367 2348 de
1398 2290 1501 2347 Bacan

584 2398 676 2455 banus
699 2398 818 2470 reliquis
840 2397 1030 2470 apparatibus
1052 2396 1163 2457 liberat.

341 2554 409 2614 Nos
433 2553 619 2615 Franciscus
642 2553 682 2615 de
707 2554 876 2635 Batthyan,
908 2573 1080 2634 regnorum
1104 2553 1280 2632 Dalmacie,
1304 2552 1437 2614 Croacie
1471 2566 1502 2614 et

237 2656 408 2720 Sclauonie
432 2659 534 2720 banus
558 2675 616 2720 etc.
643 2659 807 2722 Universis
831 2672 862 2721 et
885 2659 1019 2741 singulis
1044 2659 1179 2741 egregiis
1203 2672 1234 2720 et
1258 2659 1421 2720 nobilibus
1446 2678 1499 2721 co·

237 2763 379 2842 mitibus,
404 2765 647 2826 vicecomitibus
670 2779 700 2828 et
724 2764 883 2847 judicibus
908 2765 1067 2826 nobilium
1092 2764 1261 2826 comitatus
1286 2764 1501 2846 zagrabiensis

236 2870 372 2931 salutem
397 2890 469 2931 curn
494 2870 613 2933 lavore.
634 2869 805 2950 N'overitis,
819 2871 906 2952 quod
932 2871 1027 2951 judex
1050 2885 1081 2933 et
1105 2870 1210 2951 jurati,
1227 2871 1388 2952 ceterique
1413 2870 1499 2932 cives

237 2975 372 3037 civitatis
396 2977 514 3038 montis
539 2975 708 3039 Grecensis
732 2977 771 3038 ad
796 2991 976 3060 presentem
1001 2977 1243 3059 expedicionem
1268 2990 1378 3037 contra
1394 2975 1501 3037 Thur·

238 3102 292 3144 cos
328 3082 466 3146 fiendam
491 3104 508 3145 e
537 3084 644 3145 medio
676 3084 818 3165 ipsorum
851 3083 1061 3164 quadraginta
1094 3082 1218 3165 pedites
1249 3083 1353 3143 bonos
1384 3094 1414 3142 et
1447 3102 1501 3142 sex

237 3208 338 3269 equos
362 3188 531 3251 curriferos
554 3190 651 3251 simul
676 3210 749 3250 cum
773 3209 867 3251 curru
882 3189 922 3251 ad
940 3189 1144 3251 deducendas
1168 3188 1292 3270 pixides
1309 3187 1501 3249 necessarias

237 3295 401 3373 miserunt,
439 3315 520 3376 quos
556 3315 614 3356 nos
647 3296 797 3359 vidimus.
833 3294 918 3357 Cum
952 3296 1060 3377 itaque
1083 3294 1108 3354 si
1145 3313 1226 3375 opus
1261 3292 1355 3354 luerit
1389 3312 1503 3355 omnes

238 3400 360 3462 incolas
392 3401 487 3462 huius
523 3402 613 3483 regni
649 3422 704 3483 per
739 3403 864 3482 singula
898 3403 1001 3484 capita
1036 3402 1267 3481 cuiuscumque
1302 3400 1503 3461 condicionis

237 3507 382 3585 existant,
406 3522 478 3588 post
502 3526 561 3568 nos
585 3508 748 3589 insurgere
772 3523 802 3569 et
826 3528 956 3571 movere
981 3506 1246 3584 commiserimus,
1264 3505 1410 3567 nolentes
1426 3505 1501 3566 civi-

239 3625 336 3673 tatem
362 3612 450 3674 illam
476 3613 609 3675 omnino
643 3613 820 3675 desolatam
853 3628 884 3675 et
916 3613 1103 3674 horninibus
1136 3613 1330 3691 destitutam,
1363 3610 1419 3673 sed
1449 3631 1502 3672 cu·

238 3717 360 3798 pientes
385 3717 472 3778 illam
497 3719 598 3800 magis
623 3719 772 3781 intactam
796 3719 989 3799 relinquere,
1014 3718 1179 3800 presertim
1204 3737 1278 3778 cum
1301 3718 1341 3779 sit
1366 3717 1397 3778 in
1422 3736 1498 3779 con-

238 3822 356 3883 finibus
380 3822 493 3903 posita,
518 3824 668 3884 volumus
692 3836 722 3884 et
746 3823 837 3884 vobis
852 3822 966 3884 harum
990 3824 1070 3884 serie
1088 3823 1328 3901 committimus,
1345 3836 1503 3904 quatenus

238 3929 316 3989 dum
341 3941 371 3988 et
395 3928 526 4008 quando
551 3929 648 3990 iidem
673 3928 758 3989 cives
782 3948 838 3988 vos
870 3928 965 3989 simul
990 3929 1040 3990 vel
1073 3928 1205 3990 seorsim
1237 3929 1439 4009 requisierint
1472 3941 1503 3989 et

238 4048 400 4115 presentes
424 4035 516 4095 vobis
540 4034 748 4113 ostenderint,
766 4033 895 4095 eosdem
913 4035 952 4095 ab
969 4035 1154 4096 huiusmodi
1172 4035 1319 4095 mocione
1337 4047 1503 4115 exemptos

239 4154 269 4201 et
292 4140 412 4201 liberos
435 4139 552 4200 habere
577 4140 730 4217 debeatis,
755 4159 813 4201 nec
838 4139 911 4202 illos
935 4160 971 4202 ex
1002 4140 1128 4201 civitate
1153 4141 1220 4220 ipsa
1252 4141 1337 4201 exire
1370 4138 1501 4219 cogatis.

239 4245 337 4307 Secus
361 4245 452 4307 nullo
475 4246 575 4307 modo
600 4244 702 4307 lacere
727 4246 925 4327 presumatis.
943 4246 1146 4306 Presentibus
1163 4246 1319 4327 perlectis,
1338 4244 1501 4306 exhibenti

239 4351 399 4413 restitutis.
424 4351 542 4413 Datum
567 4352 683 4413 Rashie
708 4353 740 4413 in
765 4351 845 4414 lesto
869 4351 909 4414 ad
934 4352 1061 4413 vincula
1094 4353 1175 4413 beati
1202 4352 1296 4413 Petri.
1321 4356 1415 4413 Anno
1441 4354 1499 4413 do·

240 4456 317 4517 mini
344 4456 517 4518 millesimo
535 4458 794 4538 quingentesimo
817 4458 974 4538 vigesimo
998 4471 1097 4520 sexto.
1164 4496 1168 4503 -

346 4595 483 4661 Originale
503 4596 528 4647 in
548 4597 647 4649 charta.
667 4595 695 4649 ln
715 4598 832 4662 margine
852 4598 974 4648 inferiori
996 4597 1152 4662 impressum
1166 4601 1208 4647 est
1222 4597 1348 4662 sigillum.
1362 4596 1387 4646 ln
1402 4594 1499 4647 archiv.

245 4682 303 4734 incl.
323 4685 419 4736 Accad.
439 4684 533 4738 scient.
552 4683 656 4740 Slavor.
675 4686 766 4737 merid.
