3472 5242
673 337 749 394 Doc.
768 349 822 412 40.
847 369 887 378 -
912 336 1094 412 An.1505.·
1463 358 1503 419 39

243 441 305 451 ι-

240 564 401 647 pacientes
425 564 601 646 paupertati
626 576 657 625 et
681 564 788 645 inopie
813 563 958 624 fidelium
992 578 1172 625 nostrorum
1197 565 1501 648 circumspectorum

241 669 355 751 judicis
379 683 410 731 et
432 668 618 751 juratorum,
636 683 880 751 ceterorumque
904 670 1022 731 civium
1047 685 1077 732 et
1101 670 1351 733 inhabitatorum
1368 673 1504 735 civitatis

241 789 347 837 nostre
371 776 491 837 montis
508 774 686 852 Grecensis,
703 775 736 836 in
759 794 857 856 quam
880 776 1001 838 scilicet
1023 777 1083 858 ipsi
1107 777 1325 859 superioribus
1351 779 1442 840 annis
1470 779 1502 840 in

241 882 398 943 extraneis
422 895 452 943 et
475 881 588 943 alienis
612 882 760 943 manibus
784 881 963 960 existentes,
988 882 1153 944 devenisse
1178 882 1403 962 dinoscuntur;
1434 898 1502 946 tum

241 1007 316 1049 vero
340 988 416 1070 quia
440 989 499 1070 ipsi
524 988 608 1048 cives
632 1007 761 1049 murum
785 987 928 1049 eiusdem
958 989 1093 1050 civitatis
1116 1002 1223 1051 nostre
1247 1003 1376 1072 propter
1399 1004 1503 1052 vetus-

240 1108 337 1156 tatem
374 1092 438 1156 iere
473 1094 593 1175 ubique
627 1093 805 1175 collapsum
830 1094 863 1154 in
886 1095 988 1154 ruinis
1012 1107 1042 1156 et
1065 1094 1136 1156 aliis
1159 1095 1344 1157 necessariis
1367 1096 1503 1158 munici-

240 1201 357 1262 onibus
387 1199 427 1261 de
452 1214 558 1261 nostra
590 1200 816 1261 commissione
840 1198 1012 1261 reformare
1037 1214 1068 1261 et
1090 1214 1267 1262 restaurare
1290 1201 1427 1278 habent;
1460 1203 1502 1265 ob

239 1286 382 1368 hoc'nos
406 1307 526 1368 eisdem
551 1307 674 1387 civibus
698 1306 814 1368 nostris
838 1307 869 1366 in
894 1325 1028 1388 corpore
1054 1306 1175 1368 scilicet
1198 1307 1343 1368 eiusdem
1368 1307 1503 1369 civitatis

240 1425 346 1474 nostre
370 1412 643 1474 commorantibus
667 1427 795 1473 centum
817 1414 956 1475 florenos
971 1412 1039 1473 auri
1057 1411 1096 1473 de
1115 1413 1210 1473 rebus
1225 1413 1346 1475 scilicet
1363 1427 1393 1474 et
1410 1413 1504 1475 bonis

240 1538 351 1580 eorum
369 1518 665 1580 mercimonialibus
681 1519 713 1579 in
729 1530 846 1579 sortem
863 1517 1012 1579 videlicet
1028 1517 1185 1578 tricesime
1202 1531 1308 1580 nostre
1324 1520 1364 1580 ab
1381 1519 1503 1581 eisdem

240 1625 396 1687 Maiestati
421 1638 526 1686 nostre
551 1625 719 1706 provenire
743 1623 909 1687 debendos
929 1624 1111 1705 quotannis,
1129 1623 1263 1685 durante
1280 1638 1389 1686 nostro
1406 1625 1502 1686 bene·

239 1731 368 1813 placito,
394 1731 543 1792 duximus
575 1730 782 1792 remittendos
813 1744 845 1792 et
867 1728 1066 1808 relaxandos,
1090 1729 1346 1811 remittimusque
1370 1743 1401 1792 et
1423 1731 1503 1792 rela-

239 1856 350 1898 xamus
383 1857 439 1919 per
471 1851 641 1918 presentes.
682 1835 757 1898 ldeo
789 1835 933 1896 fidelitati
967 1850 1068 1897 vestre
1106 1834 1220 1897 harum
1255 1837 1335 1898 serie
1371 1835 1502 1898 firmiter

239 1943 433 2024 precipimus
463 1941 508 2024 (et
531 1942 738 2024 precipiendo
763 1941 965 2020 mandamus)
998 1955 1156 2023 quatenus
1180 1942 1301 2003 eisdem
1326 1943 1448 2003 civibus
1472 1955 1503 2004 et

239 2048 506 2110 inhabitatoribus
546 2049 629 2110 dicte
665 2048 800 2109 civitatis
835 2061 941 2110 nostre
977 2047 1161 2109 huiusmodi
1199 2062 1327 2109 centum
1363 2047 1502 2110 florenos

239 2153 384 2234 singulis,
410 2168 443 2215 ut
467 2155 670 2236 premittitur,
683 2154 787 2234 (annis
811 2153 904 2214 nobis
926 2153 1094 2234 provenire
1119 2153 1307 2236 debendus),
1331 2153 1369 2214 de
1393 2167 1503 2215 nostro

239 2259 440 2341 beneplacito
472 2260 511 2320 de
547 2263 641 2322 rebus
676 2274 706 2321 et
741 2260 900 2321 mercibus
924 2278 1036 2320 eorum
1061 2278 1096 2320 ex
1123 2260 1190 2341 ipsa
1213 2260 1372 2322 tricesima
1395 2272 1503 2321 nostra

238 2365 398 2427 remittere
430 2380 460 2426 et
492 2367 642 2444 relaxare,
668 2366 850 2447 remittique
882 2379 913 2426 et
944 2366 1076 2426 relaxari
1112 2363 1214 2427 lacere
1246 2366 1398 2444 debeatis,
1431 2364 1501 2446 (nec

239 2490 294 2532 eos
325 2471 378 2552 ad)
413 2473 616 2533 exaccionem
648 2472 833 2534 huiusmodi
865 2491 990 2533 summe
1020 2485 1147 2553 tempus
1178 2470 1259 2534 inira
1292 2473 1501 2554 prescriptum

238 2590 338 2638 artare
370 2591 401 2639 et
425 2579 617 2660 compellere
642 2591 696 2640 aut
720 2579 847 2640 racione
873 2597 938 2638 non
962 2577 1137 2638 solucionis
1161 2577 1348 2639 huiusmodi
1373 2578 1500 2640 turbare

238 2696 269 2743 et
299 2684 455 2765 impedire
488 2685 601 2765 quovis
631 2684 729 2745 modo
754 2684 897 2745 audeatis
921 2702 1026 2763 neque
1050 2683 1117 2743 sitis
1141 2683 1210 2744 ausi
1234 2683 1333 2745 modo
1358 2684 1502 2766 aliquali.

238 2788 441 2850 Presentibus
466 2791 622 2872 perlectis,
647 2791 807 2853 exhibenti
833 2789 993 2850 restitutis.
1024 2788 1142 2849 Datum
1168 2788 1258 2850 Bude
1283 2790 1314 2850 in
1339 2789 1502 2851 dominica

239 2894 338 2967 Quasi
370 2897 480 2957 mode.
505 2901 600 2957 Anno
633 2897 755 2957 domini
790 2896 962 2957 millesimo
987 2895 1246 2976 quingentesimo
1270 2896 1394 2977 quinto.
1419 2896 1501 2977 Reg-

238 3021 353 3063 norum
378 3017 559 3064 nostrorum
584 3023 669 3064 anno
696 3004 860 3084 Hungarie
885 3017 943 3063 etc.
961 3002 1087 3063 decimo
1111 3001 1236 3082 quinte,
1254 3001 1408 3063 Bohemie
1426 3020 1501 3062 vero

237 3109 405 3170 trecesimo
430 3110 553 3190 quinto.

343 3229 478 3295 Originale
505 3229 531 3282 in
557 3233 655 3297 charta,
674 3232 796 3282 lacerum.
817 3232 845 3281 ln
864 3229 981 3295 margine
1000 3229 1118 3281 inferiori
1137 3230 1295 3294 impressum
1319 3233 1359 3279 est
1378 3228 1502 3292 sigillum.

242 3318 268 3368 ln
290 3316 387 3370 archiv,
407 3317 451 3370 lib.
471 3334 526 3384 reg.
547 3319 595 3370 civ.
615 3317 805 3383 zagrahiensls.

840 3567 907 3632 40.

344 3705 418 3756 Anno
441 3706 515 3769 1505,
539 3709 560 3756 Ι.
574 3706 674 3770 aprilis.
695 3694 814 3759 Casmae.

236 3834 332 3890 Lucas
363 3835 445 3906 episc.
471 3835 587 3906 zagrab.
605 3842 664 3908 pro
695 3837 782 3892 missa
805 3836 976 3911 quotidiana
1006 3838 1036 3893 in
1060 3837 1194 3893 honorem
1216 3854 1238 3896 s.
1262 3837 1338 3910 regis
1361 3834 1504 3907 Stephani

238 3938 306 4013 ,Os
321 3940 429 4013 justi“,
454 3958 529 4012 quae
552 3942 620 4014 siam
643 3941 750 3998 dudum
781 3944 943 4000 intermissa
965 3950 1013 4017 est,
1043 3944 1072 3999 in
1092 3949 1262 4016 perpetuum
1276 3939 1430 4018 facienda,
1455 3941 1501 3999 de·

570 4048 657 4103 cimas
679 4048 819 4121 quasdam
842 4050 1012 4122 episcopales
1034 4050 1174 4122 assignat.

342 4184 409 4243 Nos
436 4184 536 4245 Lucas
559 4186 768 4248 miseracione
794 4186 903 4248 divina
928 4200 958 4248 et
982 4186 1158 4268 apostolice
1184 4185 1267 4246 sedis
1290 4185 1396 4266 gracia
1420 4185 1503 4265 epis-

237 4309 336 4370 copus
360 4289 490 4350 ecclesie
516 4291 731 4370 zagrabiensis
751 4305 809 4353 etc.
826 4292 867 4353 ad
892 4305 1078 4373 perpetuam
1096 4291 1140 4352 rei
1159 4291 1359 4352 memoriam.
1377 4288 1503 4350 Divinis

237 4395 402 4477 preceptis,
416 4397 665 4477 apostolicisque
689 4397 859 4459 incitamur
883 4397 1024 4476 monitis,
1049 4411 1084 4458 ut
1107 4416 1165 4479 pro
1189 4396 1394 4458 ecclesiarum
1419 4408 1501 4455 statu

237 4515 268 4562 er
292 4501 417 4580 decore,
435 4502 603 4583 cultusque
625 4503 725 4564 divini
751 4504 783 4564 in
808 4503 853 4564 eis
875 4501 940 4584 jugi
959 4503 1160 4564 exhibicione
1177 4502 1315 4584 impigro
1333 4499 1503 4581 vigilemus

236 4606 361 4685 affectu,
386 4627 436 4685 ne,
459 4609 484 4669 si
517 4609 685 4670 occasione
717 4623 824 4671 nostra
856 4608 933 4671 dum
966 4609 1072 4670 minus
1105 4608 1241 4670 sollicite
1275 4607 1323 4669 his
1355 4626 1418 4688 que
1450 4605 1502 4667 dei

236 4727 320 4791 sunt,
345 4713 588 4792 intenderimus,
613 4714 853 4796 reprehensioni
885 4715 1063 4777 obnoxium
1096 4714 1218 4796 aliquid
1243 4713 1445 4795 potissimum
1469 4713 1501 4773 in

237 4820 398 4902 mysteriis
432 4820 543 4882 salutis
565 4820 671 4902 gregis
699 4820 854 4883 dominici
878 4821 1005 4882 evenire
1030 4820 1205 4902 contingat,
1229 4819 1356 4901 eulpam
1381 4818 1502 4880 desidie
