3472 5242
661 320 1047 399 Doc.63.-.4ez.1508.
1436 325 1475 403 65
1517 407 1521 414 Ι

211 564 317 612 nostre
331 552 449 612 montis
462 549 630 613 Grecensis
643 550 777 612 salutem
791 563 821 610 et
830 551 981 631 graciam.
995 551 1174 632 Exponitur
1187 552 1280 613 nobis
1297 553 1329 613 in
1342 571 1477 634 persona

212 656 315 718 fidelis
339 658 437 718 nostri
461 656 660 717 honorabilis
684 656 824 736 magistri
849 656 975 718 Nicolai
999 657 1215 718 archidiaconi
1242 657 1424 719 dubicensis
1448 671 1479 719 et

213 762 357 823 canonici
382 762 513 823 ecclesie
538 762 761 842 zagrabiensis,
780 761 916 841 qualiter
934 761 994 824 hoc
1011 762 1167 843 superiori
1184 776 1328 845 tempore
1345 762 1478 844 quidam

213 868 366 928 Nicolaus
395 866 618 949 Soldinarych,
643 866 841 928 cohabitator
873 881 986 947 vester,
1011 868 1144 929 domum
1169 868 1269 950 ipsius
1291 869 1479 951 exponentis

215 974 246 1034 in
279 973 421 1055 capitulo
454 973 540 1034 illius
571 973 703 1034 ecclesie
735 974 951 1052 zagrabiensis
982 974 1134 1051 habitam,
1158 974 1261 1036 noctis
1289 975 1321 1036 in
1345 975 1479 1037 silencio

214 1077 329 1140 furtive
355 1079 571 1157 subintrasset,
586 1079 719 1159 isticque
737 1077 906 1141 confractis
919 1079 1037 1141 ladulis
1053 1094 1083 1141 et
1100 1079 1309 1159 ferramentis,
1325 1093 1480 1161 tanquam

215 1182 401 1246 manifestus
432 1184 493 1263 fur,
518 1198 618 1246 certas
648 1204 696 1245 res
720 1199 751 1246 et
780 1185 864 1246 bona
889 1186 989 1267 ipsius
1013 1187 1202 1267 exponentis
1225 1186 1301 1247 citra
1326 1186 1481 1248 ducentos

215 1291 283 1353 flor.
316 1292 454 1352 valentia
490 1291 607 1354 abinde
639 1305 843 1374 exportasset,
868 1307 899 1354 et
931 1312 996 1373 quo
1029 1293 1193 1370 voluisset,
1217 1291 1352 1354 fecisset.
1386 1292 1480 1354 Unde

216 1398 282 1480 ipse
321 1398 567 1479 dampnificatus
608 1419 666 1482 pro
705 1398 940 1480 recuperandis,
980 1397 1254 1479 resarciendisque
1294 1397 1480 1459 huiusmodi

217 1504 344 1566 damnis
368 1504 433 1565 suis
457 1526 493 1567 ex
519 1518 606 1587 parte
631 1503 744 1587 prelati
769 1504 894 1566 Nicolai
919 1523 1026 1565 coram
1051 1504 1143 1565 vobis
1166 1502 1322 1584 judicium
1347 1517 1377 1565 et
1394 1503 1482 1584 justi·

216 1611 298 1671 ciam
331 1610 447 1671 habere
481 1624 512 1672 et
543 1612 682 1693 recipere
715 1611 830 1686 vellet;
862 1630 935 1672 cum
968 1624 1074 1672 autem
1107 1609 1263 1690 judicium
1293 1622 1324 1670 et
1358 1608 1481 1690 justicia

216 1717 389 1798 nullipiam
415 1717 454 1777 sit
478 1717 678 1798 abneganda,
701 1715 846 1778 fidelitati
872 1717 968 1797 igitur
992 1729 1093 1778 vestre
1118 1715 1231 1777 harum
1256 1716 1336 1776 serie
1370 1714 1483 1777 firmis·

216 1823 295 1884 sime
318 1818 520 1901 mandamus,
543 1837 701 1904 quatenus
724 1824 842 1900 statim,
866 1823 1003 1904 acceptis
1026 1822 1239 1904 presentibus,
1257 1821 1362 1882 eidem
1385 1841 1482 1903 expo-

218 1930 305 1990 nenti
339 1950 376 1989 ex
407 1944 495 2011 parte
529 1929 641 2012 prefati
673 1929 798 1990 Nicolai
835 1928 1038 1990 Soldinarich
1069 1928 1109 1989 de
1141 1943 1172 1989 et
1205 1947 1300 2009 super
1332 1928 1483 1989 omnibus

218 2033 403 2096 huiusmodi
434 2036 499 2096 suis
533 2035 680 2117 dampnis
711 2049 740 2096 et
775 2034 973 2096 incommodi
1006 2034 1091 2115 juxta
1122 2034 1257 2114 allegata
1289 2047 1320 2095 et
1349 2034 1483 2115 probata

218 2138 363 2201 eiusdem
386 2140 529 2202 debitum
551 2155 582 2201 et
606 2154 728 2202 rectum
745 2140 899 2222 judicium
918 2154 949 2202 et
966 2140 1134 2220 justiciam,
1148 2154 1243 2220 atque
1260 2139 1482 2201 omnimodam

218 2245 478 2324 satisfactionem,
503 2261 664 2328 amputata
696 2247 785 2307 omni
817 2246 976 2328 superflua
1008 2245 1178 2323 dilacione,
1202 2245 1362 2326 siquidem
1397 2244 1483 2306 idem

221 2352 448 2414 verisimilibus
473 2367 503 2413 et
522 2340 729 2414 ¹evidentibus
753 2353 954 2414 documentis
973 2373 1029 2434 per
1047 2353 1150 2434 ipsum
1167 2366 1381 2434 exponentem
1398 2371 1484 2413 com-

220 2458 348 2540 probari
380 2459 505 2540 poterit,
535 2457 637 2520 lacere
669 2473 699 2519 et
731 2458 951 2520 administrare
984 2458 1089 2520 modis
1113 2459 1264 2519 omnibus
1287 2458 1431 2519 debeatis
1455 2472 1485 2520 et

220 2564 405 2642 teneamini,
429 2564 615 2625 auctoritate
641 2578 747 2626 nostra
772 2566 971 2646 presentibus
996 2565 1088 2625 vobis
1107 2565 1138 2625 in
1157 2564 1214 2624 hac
1232 2579 1318 2645 parte
1336 2582 1485 2625 concessa

222 2683 252 2731 et
282 2669 405 2751 justicia
438 2669 609 2731 mediante.
645 2670 743 2731 Secus
774 2671 862 2732 nulla
898 2672 1024 2741 racione
1058 2670 1160 2731 lacere
1186 2670 1385 2751 presumatis.
1411 2671 1485 2731 Pre-

221 2775 364 2836 sentibus
395 2776 551 2856 perlectis,
587 2774 748 2837 exhibenti
784 2777 945 2838 restitutis.
979 2777 1096 2838 Datum
1132 2775 1221 2836 Bude
1260 2774 1338 2837 feria
1373 2790 1485 2858 quarta

222 2882 365 2962 proxima
390 2896 463 2943 ante
494 2881 609 2943 festum
642 2883 835 2944 ascensionis
868 2883 1010 2944 Domini.
1040 2886 1136 2943 Anno
1162 2882 1286 2943 domini
1312 2882 1486 2944 millesimo

224 2987 485 3068 quingentesimo
507 3002 634 3049 octav0.

328 3127 348 3177 E
373 3129 469 3178 tabulis
495 3128 642 3193 judiciariis
671 3128 715 3179 lib.
742 3143 796 3192 reg.
817 3129 866 3179 civ.
895 3127 1007 3193 Zagrab.
1032 3128 1059 3178 ln
1084 3128 1152 3179 arch.
1179 3128 1238 3181 incl.
1263 3128 1356 3178 hccad.
1386 3126 1484 3179 Scient.

225 3213 326 3267 Slavor.
347 3216 437 3266 merid.

826 3481 887 3546 63.

329 3658 402 3708 Anno
425 3659 499 3721 1508,
521 3658 559 3709 ll.
577 3657 651 3721 junii.
674 3655 829 3720 Zagrabiae.

225 3801 439 3858 praebendarii
466 3803 595 3858 eeclesiae
626 3798 811 3869 cathedralis,
834 3804 1016 3858 conventione
1045 3819 1108 3859 enen
1130 3804 1255 3875 eape'teelo
1269 3803 1366 3876 facta,
1387 3822 1490 3862 munus

485 3909 590 3964 nn'ssne
608 3915 665 3979 pro
688 3904 832 3981 defunctis
854 3908 1044 3965 instituendae
1066 3909 1232 3980 resentirent.

338 4061 429 4139 1508.
463 4061 496 4121 ln
529 4061 608 4123 festo
640 4063 739 4123 sancti
771 4064 916 4124 Barnabe
949 4063 1100 4145 apostoli,
1132 4064 1255 4125 domini
1286 4065 1489 4146 prebendarii

227 4166 449 4245 zagrabienses
472 4167 626 4248 incipient
648 4169 776 4229 Missam
793 4188 851 4250 pro
868 4168 1026 4230 defunctis
1043 4169 1128 4230 iuxta
1147 4171 1399 4232 convencionem
1417 4190 1490 4232 cum

227 4270 367 4331 dominis
391 4272 532 4353 capitulo
553 4270 679 4334 factam.
698 4274 804 4346 Quam
821 4275 1055 4335 continuabunt
1071 4275 1205 4356 singulis
1221 4275 1335 4337 diebus
1351 4277 1382 4337 in
1400 4276 1491 4337 altari
1508 4347 1526 4377 x

227 4377 369 4457 episcopi
393 4375 540 4455 Osualdi,
564 4377 623 4437 sub
648 4378 743 4438 missa
768 4379 892 4455 maiori,
912 4393 942 4440 et
962 4379 1127 4441 habebunt
1143 4401 1199 4462 per
1215 4401 1336 4443 annum
1352 4381 1492 4443 florenos

228 4482 340 4563 viginti
368 4483 522 4562 quinque.
560 4484 665 4544 Prima
701 4485 833 4546 collecta
871 4505 928 4567 pro
953 4487 1110 4567 episcopis
1133 4487 1301 4563 defunctis,
1327 4487 1491 4548 videlicet:

230 4587 325 4665 Deus,
342 4588 397 4667 qui
416 4588 497 4649 inter
513 4589 706 4671 apostolicos
722 4589 920 4665 sacerdotes3
945 4591 1101 4652 secunda:
1120 4591 1217 4670 Deus,
1234 4593 1326 4653 venie
1342 4592 1492 4671 largitor;

228 4694 340 4755 tercia:
360 4693 455 4770 Deus,
477 4695 568 4756 cuius
589 4695 826 4770 misericordie;
850 4709 978 4777 quarta:
997 4696 1094 4773 Deus,
1112 4697 1143 4757 in
1159 4698 1248 4758 cuius
1265 4697 1492 4772 miseracione3

229 4799 353 4878 quinta:
380 4799 539 4860 Fidelium
566 4801 651 4860 Deus
674 4801 820 4861 omnium
844 4802 1000 4862 conditor.

1370 4946 1385 5002 5
